%YAML 1.1
%TAG !u! tag:unity3d.com,2011:
--- !u!29 &1
Scene:
  m_ObjectHideFlags: 0
  m_PVSData: 
  m_QueryMode: 1
  m_PVSObjectsArray: []
  m_PVSPortalsArray: []
  m_OcclusionBakeSettings:
    viewCellSize: 1
    bakeMode: 2
    memoryUsage: 10485760
--- !u!104 &2
RenderSettings:
  m_Fog: 0
  m_FogColor: {r: .5, g: .5, b: .5, a: 1}
  m_FogMode: 3
  m_FogDensity: .00999999978
  m_LinearFogStart: 0
  m_LinearFogEnd: 300
  m_AmbientLight: {r: .200000003, g: .200000003, b: .200000003, a: 1}
  m_SkyboxMaterial: {fileID: 0}
  m_HaloStrength: .5
  m_FlareStrength: 1
  m_HaloTexture: {fileID: 0}
  m_SpotCookie: {fileID: 0}
  m_ObjectHideFlags: 0
--- !u!127 &3
GameManager:
  m_ObjectHideFlags: 0
--- !u!157 &4
LightmapSettings:
  m_ObjectHideFlags: 0
  m_LightProbes: {fileID: 0}
  m_Lightmaps: []
  m_LightmapsMode: 1
  m_BakedColorSpace: 0
  m_UseDualLightmapsInForward: 0
  m_LightmapEditorSettings:
    m_Resolution: 50
    m_LastUsedResolution: 0
    m_TextureWidth: 1024
    m_TextureHeight: 1024
    m_BounceBoost: 1
    m_BounceIntensity: 1
    m_SkyLightColor: {r: .860000014, g: .930000007, b: 1, a: 1}
    m_SkyLightIntensity: 0
    m_Quality: 0
    m_Bounces: 1
    m_FinalGatherRays: 1000
    m_FinalGatherContrastThreshold: .0500000007
    m_FinalGatherGradientThreshold: 0
    m_FinalGatherInterpolationPoints: 15
    m_AOAmount: 0
    m_AOMaxDistance: .100000001
    m_AOContrast: 1
    m_LODSurfaceMappingDistance: 1
    m_Padding: 0
    m_TextureCompression: 0
    m_LockAtlas: 0
--- !u!1 &5
GameObject:
  m_ObjectHideFlags: 0
  m_PrefabParentObject: {fileID: 100000, guid: 539c01fc2687544cb8fb54e030a27f5f, type: 2}
  m_PrefabInternal: {fileID: 95}
  serializedVersion: 3
  m_Component:
  - 4: {fileID: 24}
  - 33: {fileID: 59}
  - 65: {fileID: 74}
  - 23: {fileID: 44}
  m_Layer: 0
  m_Name: Cube
  m_TagString: Untagged
  m_Icon: {fileID: 0}
  m_NavMeshLayer: 0
  m_StaticEditorFlags: 0
  m_IsActive: 0
--- !u!1 &6
GameObject:
  m_ObjectHideFlags: 0
  m_PrefabParentObject: {fileID: 0}
  m_PrefabInternal: {fileID: 0}
  serializedVersion: 3
  m_Component:
  - 4: {fileID: 25}
  m_Layer: 11
  m_Name: Obstacles
  m_TagString: Untagged
  m_Icon: {fileID: 0}
  m_NavMeshLayer: 0
  m_StaticEditorFlags: 0
  m_IsActive: 1
--- !u!1 &7
GameObject:
  m_ObjectHideFlags: 0
  m_PrefabParentObject: {fileID: 0}
  m_PrefabInternal: {fileID: 0}
  serializedVersion: 3
  m_Component:
  - 4: {fileID: 26}
  - 33: {fileID: 60}
  - 135: {fileID: 91}
  - 23: {fileID: 45}
  m_Layer: 0
  m_Name: End
  m_TagString: Untagged
  m_Icon: {fileID: 0}
  m_NavMeshLayer: 0
  m_StaticEditorFlags: 0
  m_IsActive: 1
--- !u!1 &8
GameObject:
  m_ObjectHideFlags: 0
  m_PrefabParentObject: {fileID: 0}
  m_PrefabInternal: {fileID: 0}
  serializedVersion: 3
  m_Component:
  - 4: {fileID: 27}
  - 33: {fileID: 61}
  - 135: {fileID: 92}
  - 23: {fileID: 46}
  m_Layer: 0
  m_Name: Start
  m_TagString: Untagged
  m_Icon: {fileID: 0}
  m_NavMeshLayer: 0
  m_StaticEditorFlags: 0
  m_IsActive: 1
--- !u!1 &9
GameObject:
  m_ObjectHideFlags: 0
  m_PrefabParentObject: {fileID: 0}
  m_PrefabInternal: {fileID: 0}
  serializedVersion: 3
  m_Component:
  - 4: {fileID: 28}
  - 33: {fileID: 62}
  - 65: {fileID: 75}
  - 23: {fileID: 47}
  m_Layer: 11
  m_Name: Cube
  m_TagString: Untagged
  m_Icon: {fileID: 0}
  m_NavMeshLayer: 0
  m_StaticEditorFlags: 0
  m_IsActive: 1
--- !u!1 &10
GameObject:
  m_ObjectHideFlags: 0
  m_PrefabParentObject: {fileID: 0}
  m_PrefabInternal: {fileID: 0}
  serializedVersion: 3
  m_Component:
  - 4: {fileID: 29}
  - 33: {fileID: 63}
  - 65: {fileID: 76}
  - 23: {fileID: 48}
  m_Layer: 11
  m_Name: Cube
  m_TagString: Untagged
  m_Icon: {fileID: 0}
  m_NavMeshLayer: 0
  m_StaticEditorFlags: 0
  m_IsActive: 1
--- !u!1 &11
GameObject:
  m_ObjectHideFlags: 0
  m_PrefabParentObject: {fileID: 0}
  m_PrefabInternal: {fileID: 0}
  serializedVersion: 3
  m_Component:
  - 4: {fileID: 30}
  - 33: {fileID: 64}
  - 65: {fileID: 77}
  - 23: {fileID: 49}
  m_Layer: 11
  m_Name: Cube
  m_TagString: Untagged
  m_Icon: {fileID: 0}
  m_NavMeshLayer: 0
  m_StaticEditorFlags: 0
  m_IsActive: 1
--- !u!1 &12
GameObject:
  m_ObjectHideFlags: 0
  m_PrefabParentObject: {fileID: 0}
  m_PrefabInternal: {fileID: 0}
  serializedVersion: 3
  m_Component:
  - 4: {fileID: 31}
  - 33: {fileID: 65}
  - 65: {fileID: 78}
  - 23: {fileID: 50}
  m_Layer: 11
  m_Name: Cube
  m_TagString: Untagged
  m_Icon: {fileID: 0}
  m_NavMeshLayer: 0
  m_StaticEditorFlags: 0
  m_IsActive: 1
--- !u!1 &13
GameObject:
  m_ObjectHideFlags: 0
  m_PrefabParentObject: {fileID: 0}
  m_PrefabInternal: {fileID: 0}
  serializedVersion: 3
  m_Component:
  - 4: {fileID: 32}
  - 33: {fileID: 66}
  - 65: {fileID: 79}
  - 23: {fileID: 51}
  m_Layer: 11
  m_Name: Cube
  m_TagString: Untagged
  m_Icon: {fileID: 0}
  m_NavMeshLayer: 0
  m_StaticEditorFlags: 0
  m_IsActive: 1
--- !u!1 &14
GameObject:
  m_ObjectHideFlags: 0
  m_PrefabParentObject: {fileID: 0}
  m_PrefabInternal: {fileID: 0}
  serializedVersion: 3
  m_Component:
  - 4: {fileID: 33}
  - 33: {fileID: 67}
  - 65: {fileID: 80}
  - 23: {fileID: 52}
  m_Layer: 11
  m_Name: Cube
  m_TagString: Untagged
  m_Icon: {fileID: 0}
  m_NavMeshLayer: 0
  m_StaticEditorFlags: 0
  m_IsActive: 1
--- !u!1 &15
GameObject:
  m_ObjectHideFlags: 0
  m_PrefabParentObject: {fileID: 0}
  m_PrefabInternal: {fileID: 0}
  serializedVersion: 3
  m_Component:
  - 4: {fileID: 34}
  - 33: {fileID: 68}
  - 65: {fileID: 81}
  - 23: {fileID: 53}
  m_Layer: 11
  m_Name: Cube
  m_TagString: Untagged
  m_Icon: {fileID: 0}
  m_NavMeshLayer: 0
  m_StaticEditorFlags: 0
  m_IsActive: 1
--- !u!1 &16
GameObject:
  m_ObjectHideFlags: 0
  m_PrefabParentObject: {fileID: 0}
  m_PrefabInternal: {fileID: 0}
  serializedVersion: 3
  m_Component:
  - 4: {fileID: 35}
  - 33: {fileID: 69}
  - 65: {fileID: 82}
  - 23: {fileID: 54}
  m_Layer: 11
  m_Name: Cube
  m_TagString: Untagged
  m_Icon: {fileID: 0}
  m_NavMeshLayer: 0
  m_StaticEditorFlags: 0
  m_IsActive: 1
--- !u!1 &17
GameObject:
  m_ObjectHideFlags: 0
  m_PrefabParentObject: {fileID: 0}
  m_PrefabInternal: {fileID: 0}
  serializedVersion: 3
  m_Component:
  - 4: {fileID: 36}
  - 33: {fileID: 70}
  - 65: {fileID: 83}
  - 23: {fileID: 55}
  m_Layer: 11
  m_Name: Cube
  m_TagString: Untagged
  m_Icon: {fileID: 0}
  m_NavMeshLayer: 0
  m_StaticEditorFlags: 0
  m_IsActive: 1
--- !u!1 &18
GameObject:
  m_ObjectHideFlags: 0
  m_PrefabParentObject: {fileID: 0}
  m_PrefabInternal: {fileID: 0}
  serializedVersion: 3
  m_Component:
  - 4: {fileID: 37}
  - 33: {fileID: 71}
  - 65: {fileID: 84}
  - 23: {fileID: 56}
  m_Layer: 11
  m_Name: Cube
  m_TagString: Untagged
  m_Icon: {fileID: 0}
  m_NavMeshLayer: 0
  m_StaticEditorFlags: 0
  m_IsActive: 1
--- !u!1 &19
GameObject:
  m_ObjectHideFlags: 0
  m_PrefabParentObject: {fileID: 0}
  m_PrefabInternal: {fileID: 0}
  serializedVersion: 3
  m_Component:
  - 4: {fileID: 38}
  - 33: {fileID: 72}
  - 65: {fileID: 85}
  - 23: {fileID: 57}
  m_Layer: 11
  m_Name: Cube
  m_TagString: Untagged
  m_Icon: {fileID: 0}
  m_NavMeshLayer: 0
  m_StaticEditorFlags: 0
  m_IsActive: 1
--- !u!1 &20
GameObject:
  m_ObjectHideFlags: 0
  m_PrefabParentObject: {fileID: 0}
  m_PrefabInternal: {fileID: 0}
  serializedVersion: 3
  m_Component:
  - 4: {fileID: 39}
  - 20: {fileID: 43}
  - 92: {fileID: 88}
  - 124: {fileID: 90}
  - 81: {fileID: 87}
  - 114: {fileID: 93}
  m_Layer: 0
  m_Name: Main Camera
  m_TagString: MainCamera
  m_Icon: {fileID: 0}
  m_NavMeshLayer: 0
  m_StaticEditorFlags: 0
  m_IsActive: 1
--- !u!1 &21
GameObject:
  m_ObjectHideFlags: 0
  m_PrefabParentObject: {fileID: 0}
  m_PrefabInternal: {fileID: 0}
  serializedVersion: 3
  m_Component:
  - 4: {fileID: 40}
  - 33: {fileID: 73}
  - 23: {fileID: 58}
  - 65: {fileID: 86}
  m_Layer: 10
  m_Name: Ground
  m_TagString: Untagged
  m_Icon: {fileID: 0}
  m_NavMeshLayer: 0
  m_StaticEditorFlags: 4294967295
  m_IsActive: 1
--- !u!1 &22
GameObject:
  m_ObjectHideFlags: 0
  m_PrefabParentObject: {fileID: 0}
  m_PrefabInternal: {fileID: 0}
  serializedVersion: 3
  m_Component:
  - 4: {fileID: 41}
  - 108: {fileID: 89}
  m_Layer: 0
  m_Name: Directional light
  m_TagString: Untagged
  m_Icon: {fileID: 0}
  m_NavMeshLayer: 0
  m_StaticEditorFlags: 0
  m_IsActive: 1
--- !u!1 &23
GameObject:
  m_ObjectHideFlags: 0
  m_PrefabParentObject: {fileID: 0}
  m_PrefabInternal: {fileID: 0}
  serializedVersion: 3
  m_Component:
  - 4: {fileID: 42}
  - 114: {fileID: 94}
  m_Layer: 0
  m_Name: A*
  m_TagString: Untagged
  m_Icon: {fileID: 0}
  m_NavMeshLayer: 0
  m_StaticEditorFlags: 0
  m_IsActive: 1
--- !u!4 &24
Transform:
  m_ObjectHideFlags: 0
  m_PrefabParentObject: {fileID: 400000, guid: 539c01fc2687544cb8fb54e030a27f5f, type: 2}
  m_PrefabInternal: {fileID: 95}
  m_GameObject: {fileID: 5}
  m_LocalRotation: {x: 0, y: 0, z: 0, w: 1}
  m_LocalPosition: {x: 0, y: 2, z: 0}
  m_LocalScale: {x: 1, y: .00100000005, z: 1}
  m_LocalEulerAnglesHint: {x: 0, y: 0, z: 0}
  m_Children: []
  m_Father: {fileID: 0}
--- !u!4 &25
Transform:
  m_ObjectHideFlags: 0
  m_PrefabParentObject: {fileID: 0}
  m_PrefabInternal: {fileID: 0}
  m_GameObject: {fileID: 6}
  m_LocalRotation: {x: 0, y: 0, z: 0, w: 1}
  m_LocalPosition: {x: 0, y: 0, z: 0}
  m_LocalScale: {x: 1, y: 1, z: 1}
  m_LocalEulerAnglesHint: {x: 0, y: 0, z: 0}
  m_Children:
  - {fileID: 38}
  - {fileID: 29}
  - {fileID: 30}
  - {fileID: 31}
  - {fileID: 32}
  - {fileID: 28}
  - {fileID: 33}
  - {fileID: 34}
  - {fileID: 35}
  - {fileID: 36}
  - {fileID: 37}
  m_Father: {fileID: 0}
--- !u!4 &26
Transform:
  m_ObjectHideFlags: 0
  m_PrefabParentObject: {fileID: 0}
  m_PrefabInternal: {fileID: 0}
  m_GameObject: {fileID: 7}
  m_LocalRotation: {x: 0, y: 0, z: 0, w: 1}
  m_LocalPosition: {x: 0, y: 0, z: 0}
  m_LocalScale: {x: 1, y: 1, z: 1}
  m_LocalEulerAnglesHint: {x: 0, y: 0, z: 0}
  m_Children: []
  m_Father: {fileID: 0}
--- !u!4 &27
Transform:
  m_ObjectHideFlags: 0
  m_PrefabParentObject: {fileID: 0}
  m_PrefabInternal: {fileID: 0}
  m_GameObject: {fileID: 8}
  m_LocalRotation: {x: 0, y: 0, z: 0, w: 1}
  m_LocalPosition: {x: 0, y: 0, z: 0}
  m_LocalScale: {x: 1, y: 1, z: 1}
  m_LocalEulerAnglesHint: {x: 0, y: 0, z: 0}
  m_Children: []
  m_Father: {fileID: 0}
--- !u!4 &28
Transform:
  m_ObjectHideFlags: 0
  m_PrefabParentObject: {fileID: 0}
  m_PrefabInternal: {fileID: 0}
  m_GameObject: {fileID: 9}
  m_LocalRotation: {x: 0, y: .707106829, z: 0, w: -.707106829}
  m_LocalPosition: {x: 23.3395176, y: 1.5, z: -21.4853859}
  m_LocalScale: {x: 3, y: 3, z: 13.9161339}
  m_LocalEulerAnglesHint: {x: 0, y: -90, z: 0}
  m_Children: []
  m_Father: {fileID: 25}
--- !u!4 &29
Transform:
  m_ObjectHideFlags: 0
  m_PrefabParentObject: {fileID: 0}
  m_PrefabInternal: {fileID: 0}
  m_GameObject: {fileID: 10}
  m_LocalRotation: {x: 0, y: 1, z: 0, w: 0}
  m_LocalPosition: {x: 29.3395176, y: 1.5, z: -16.4853859}
  m_LocalScale: {x: 3, y: 3, z: 13.9161339}
  m_LocalEulerAnglesHint: {x: 0, y: -180, z: 0}
  m_Children: []
  m_Father: {fileID: 25}
--- !u!4 &30
Transform:
  m_ObjectHideFlags: 0
  m_PrefabParentObject: {fileID: 0}
  m_PrefabInternal: {fileID: 0}
  m_GameObject: {fileID: 11}
  m_LocalRotation: {x: 0, y: 1, z: 0, w: 0}
  m_LocalPosition: {x: 29.3395176, y: 1.5, z: -2.48538589}
  m_LocalScale: {x: 3, y: 3, z: 13.9161339}
  m_LocalEulerAnglesHint: {x: 0, y: -180, z: 0}
  m_Children: []
  m_Father: {fileID: 25}
--- !u!4 &31
Transform:
  m_ObjectHideFlags: 0
  m_PrefabParentObject: {fileID: 0}
  m_PrefabInternal: {fileID: 0}
  m_GameObject: {fileID: 12}
  m_LocalRotation: {x: 0, y: 1, z: 0, w: 0}
  m_LocalPosition: {x: 29.3395176, y: 1.5, z: 11.5146141}
  m_LocalScale: {x: 3, y: 3, z: 13.9161339}
  m_LocalEulerAnglesHint: {x: 0, y: -180, z: 0}
  m_Children: []
  m_Father: {fileID: 25}
--- !u!4 &32
Transform:
  m_ObjectHideFlags: 0
  m_PrefabParentObject: {fileID: 0}
  m_PrefabInternal: {fileID: 0}
  m_GameObject: {fileID: 13}
  m_LocalRotation: {x: 0, y: .707106829, z: 0, w: .707106829}
  m_LocalPosition: {x: 21.3395176, y: 1.5, z: 16.5146141}
  m_LocalScale: {x: 3, y: 3, z: 13.9161301}
  m_LocalEulerAnglesHint: {x: 0, y: 90, z: 0}
  m_Children: []
  m_Father: {fileID: 25}
--- !u!4 &33
Transform:
  m_ObjectHideFlags: 0
  m_PrefabParentObject: {fileID: 0}
  m_PrefabInternal: {fileID: 0}
  m_GameObject: {fileID: 14}
  m_LocalRotation: {x: 0, y: .707106829, z: 0, w: .707106829}
  m_LocalPosition: {x: 1.33951759, y: 1.5, z: 16.5146141}
  m_LocalScale: {x: 3, y: 3, z: 13.9161263}
  m_LocalEulerAnglesHint: {x: 0, y: 90, z: 0}
  m_Children: []
  m_Father: {fileID: 25}
--- !u!4 &34
Transform:
  m_ObjectHideFlags: 0
  m_PrefabParentObject: {fileID: 0}
  m_PrefabInternal: {fileID: 0}
  m_GameObject: {fileID: 15}
  m_LocalRotation: {x: 0, y: .707106829, z: 0, w: .707106829}
  m_LocalPosition: {x: 1.33951759, y: 1.5, z: -24.4853859}
  m_LocalScale: {x: 3, y: 3, z: 13.9161224}
  m_LocalEulerAnglesHint: {x: 0, y: 90, z: 0}
  m_Children: []
  m_Father: {fileID: 25}
--- !u!4 &35
Transform:
  m_ObjectHideFlags: 0
  m_PrefabParentObject: {fileID: 0}
  m_PrefabInternal: {fileID: 0}
  m_GameObject: {fileID: 16}
  m_LocalRotation: {x: 0, y: .707106829, z: 0, w: .707106829}
  m_LocalPosition: {x: 1.33951759, y: 1.5, z: -12.4853859}
  m_LocalScale: {x: 3, y: 3, z: 13.9161186}
  m_LocalEulerAnglesHint: {x: 0, y: 90, z: 0}
  m_Children: []
  m_Father: {fileID: 25}
--- !u!4 &36
Transform:
  m_ObjectHideFlags: 0
  m_PrefabParentObject: {fileID: 0}
  m_PrefabInternal: {fileID: 0}
  m_GameObject: {fileID: 17}
  m_LocalRotation: {x: 0, y: 0, z: 0, w: 1}
  m_LocalPosition: {x: 10, y: 1.5, z: -4}
  m_LocalScale: {x: 3, y: 3, z: 13.9161186}
  m_LocalEulerAnglesHint: {x: 0, y: 0, z: 0}
  m_Children: []
  m_Father: {fileID: 25}
--- !u!4 &37
Transform:
  m_ObjectHideFlags: 0
  m_PrefabParentObject: {fileID: 0}
  m_PrefabInternal: {fileID: 0}
  m_GameObject: {fileID: 18}
  m_LocalRotation: {x: 0, y: 0, z: 0, w: 1}
  m_LocalPosition: {x: -9, y: 1.5, z: -4}
  m_LocalScale: {x: 3, y: 3, z: 3}
  m_LocalEulerAnglesHint: {x: 0, y: 0, z: 0}
  m_Children: []
  m_Father: {fileID: 25}
--- !u!4 &38
Transform:
  m_ObjectHideFlags: 0
  m_PrefabParentObject: {fileID: 0}
  m_PrefabInternal: {fileID: 0}
  m_GameObject: {fileID: 19}
  m_LocalRotation: {x: 0, y: 0, z: 0, w: 1}
  m_LocalPosition: {x: 0, y: 1.5, z: -4}
  m_LocalScale: {x: 3, y: 3, z: 3}
  m_LocalEulerAnglesHint: {x: 0, y: 0, z: 0}
  m_Children: []
  m_Father: {fileID: 25}
--- !u!4 &39
Transform:
  m_ObjectHideFlags: 0
  m_PrefabParentObject: {fileID: 0}
  m_PrefabInternal: {fileID: 0}
  m_GameObject: {fileID: 20}
  m_LocalRotation: {x: .524987519, y: 0, z: 0, w: .851109982}
  m_LocalPosition: {x: 2.15799522, y: 53.5207062, z: -34.8727608}
  m_LocalScale: {x: 1, y: 1, z: 1}
  m_LocalEulerAnglesHint: {x: 63.3348083, y: 0, z: 0}
  m_Children: []
  m_Father: {fileID: 0}
--- !u!4 &40
Transform:
  m_ObjectHideFlags: 0
  m_PrefabParentObject: {fileID: 0}
  m_PrefabInternal: {fileID: 0}
  m_GameObject: {fileID: 21}
  m_LocalRotation: {x: 0, y: 0, z: 0, w: 1}
  m_LocalPosition: {x: 0, y: 0, z: 0}
  m_LocalScale: {x: 10, y: 10, z: 10}
  m_LocalEulerAnglesHint: {x: 0, y: 0, z: 0}
  m_Children: []
  m_Father: {fileID: 0}
--- !u!4 &41
Transform:
  m_ObjectHideFlags: 0
  m_PrefabParentObject: {fileID: 0}
  m_PrefabInternal: {fileID: 0}
  m_GameObject: {fileID: 22}
  m_LocalRotation: {x: .409075469, y: .0247010328, z: .0085454639, w: .912126184}
  m_LocalPosition: {x: 0, y: 0, z: 0}
  m_LocalScale: {x: 1, y: 1, z: 1}
  m_LocalEulerAnglesHint: {x: 48.230835, y: 4.48173523, z: 3.08059692}
  m_Children: []
  m_Father: {fileID: 0}
--- !u!4 &42
Transform:
  m_ObjectHideFlags: 0
  m_PrefabParentObject: {fileID: 0}
  m_PrefabInternal: {fileID: 0}
  m_GameObject: {fileID: 23}
  m_LocalRotation: {x: 0, y: 0, z: 0, w: 1}
  m_LocalPosition: {x: 100, y: 0, z: 100}
  m_LocalScale: {x: 1, y: 1, z: 1}
  m_LocalEulerAnglesHint: {x: 0, y: 0, z: 0}
  m_Children: []
  m_Father: {fileID: 0}
--- !u!20 &43
Camera:
  m_ObjectHideFlags: 0
  m_PrefabParentObject: {fileID: 0}
  m_PrefabInternal: {fileID: 0}
  m_GameObject: {fileID: 20}
  m_Enabled: 1
  serializedVersion: 2
  m_ClearFlags: 1
  m_BackGroundColor: {r: .192156866, g: .301960796, b: .474509805, a: .0196078438}
  m_NormalizedViewPortRect:
    serializedVersion: 2
    x: 0
    y: 0
    width: 1
    height: 1
  near clip plane: .300000012
  far clip plane: 1000
  field of view: 60
  orthographic: 0
  orthographic size: 100
  m_Depth: -1
  m_CullingMask:
    serializedVersion: 2
    m_Bits: 4294967295
  m_RenderingPath: -1
  m_TargetTexture: {fileID: 0}
  m_HDR: 0
--- !u!23 &44
Renderer:
  m_ObjectHideFlags: 0
  m_PrefabParentObject: {fileID: 2300000, guid: 539c01fc2687544cb8fb54e030a27f5f,
    type: 2}
  m_PrefabInternal: {fileID: 95}
  m_GameObject: {fileID: 5}
  m_Enabled: 1
  m_CastShadows: 1
  m_ReceiveShadows: 1
  m_LightmapIndex: 255
  m_LightmapTilingOffset: {x: 1, y: 1, z: 0, w: 0}
  m_Materials:
  - {fileID: 2100000, guid: 1c0721d430ad04938a36f5a1b677c1c2, type: 2}
  m_SubsetIndices: 
  m_StaticBatchRoot: {fileID: 0}
  m_UseLightProbes: 0
  m_LightProbeAnchor: {fileID: 0}
  m_ScaleInLightmap: 1
--- !u!23 &45
Renderer:
  m_ObjectHideFlags: 0
  m_PrefabParentObject: {fileID: 0}
  m_PrefabInternal: {fileID: 0}
  m_GameObject: {fileID: 7}
  m_Enabled: 1
  m_CastShadows: 1
  m_ReceiveShadows: 1
  m_LightmapIndex: 255
  m_LightmapTilingOffset: {x: 1, y: 1, z: 0, w: 0}
  m_Materials:
  - {fileID: 10302, guid: 0000000000000000e000000000000000, type: 0}
  m_SubsetIndices: 
  m_StaticBatchRoot: {fileID: 0}
  m_UseLightProbes: 0
  m_LightProbeAnchor: {fileID: 0}
  m_ScaleInLightmap: 1
--- !u!23 &46
Renderer:
  m_ObjectHideFlags: 0
  m_PrefabParentObject: {fileID: 0}
  m_PrefabInternal: {fileID: 0}
  m_GameObject: {fileID: 8}
  m_Enabled: 1
  m_CastShadows: 1
  m_ReceiveShadows: 1
  m_LightmapIndex: 255
  m_LightmapTilingOffset: {x: 1, y: 1, z: 0, w: 0}
  m_Materials:
  - {fileID: 10302, guid: 0000000000000000e000000000000000, type: 0}
  m_SubsetIndices: 
  m_StaticBatchRoot: {fileID: 0}
  m_UseLightProbes: 0
  m_LightProbeAnchor: {fileID: 0}
  m_ScaleInLightmap: 1
--- !u!23 &47
Renderer:
  m_ObjectHideFlags: 0
  m_PrefabParentObject: {fileID: 0}
  m_PrefabInternal: {fileID: 0}
  m_GameObject: {fileID: 9}
  m_Enabled: 1
  m_CastShadows: 1
  m_ReceiveShadows: 1
  m_LightmapIndex: 255
  m_LightmapTilingOffset: {x: 1, y: 1, z: 0, w: 0}
  m_Materials:
  - {fileID: 2100000, guid: feabfa330ba7e4d4b87813ea1b42a974, type: 2}
  m_SubsetIndices: 
  m_StaticBatchRoot: {fileID: 0}
  m_UseLightProbes: 0
  m_LightProbeAnchor: {fileID: 0}
  m_ScaleInLightmap: 1
--- !u!23 &48
Renderer:
  m_ObjectHideFlags: 0
  m_PrefabParentObject: {fileID: 0}
  m_PrefabInternal: {fileID: 0}
  m_GameObject: {fileID: 10}
  m_Enabled: 1
  m_CastShadows: 1
  m_ReceiveShadows: 1
  m_LightmapIndex: 255
  m_LightmapTilingOffset: {x: 1, y: 1, z: 0, w: 0}
  m_Materials:
  - {fileID: 2100000, guid: feabfa330ba7e4d4b87813ea1b42a974, type: 2}
  m_SubsetIndices: 
  m_StaticBatchRoot: {fileID: 0}
  m_UseLightProbes: 0
  m_LightProbeAnchor: {fileID: 0}
  m_ScaleInLightmap: 1
--- !u!23 &49
Renderer:
  m_ObjectHideFlags: 0
  m_PrefabParentObject: {fileID: 0}
  m_PrefabInternal: {fileID: 0}
  m_GameObject: {fileID: 11}
  m_Enabled: 1
  m_CastShadows: 1
  m_ReceiveShadows: 1
  m_LightmapIndex: 255
  m_LightmapTilingOffset: {x: 1, y: 1, z: 0, w: 0}
  m_Materials:
  - {fileID: 2100000, guid: feabfa330ba7e4d4b87813ea1b42a974, type: 2}
  m_SubsetIndices: 
  m_StaticBatchRoot: {fileID: 0}
  m_UseLightProbes: 0
  m_LightProbeAnchor: {fileID: 0}
  m_ScaleInLightmap: 1
--- !u!23 &50
Renderer:
  m_ObjectHideFlags: 0
  m_PrefabParentObject: {fileID: 0}
  m_PrefabInternal: {fileID: 0}
  m_GameObject: {fileID: 12}
  m_Enabled: 1
  m_CastShadows: 1
  m_ReceiveShadows: 1
  m_LightmapIndex: 255
  m_LightmapTilingOffset: {x: 1, y: 1, z: 0, w: 0}
  m_Materials:
  - {fileID: 2100000, guid: feabfa330ba7e4d4b87813ea1b42a974, type: 2}
  m_SubsetIndices: 
  m_StaticBatchRoot: {fileID: 0}
  m_UseLightProbes: 0
  m_LightProbeAnchor: {fileID: 0}
  m_ScaleInLightmap: 1
--- !u!23 &51
Renderer:
  m_ObjectHideFlags: 0
  m_PrefabParentObject: {fileID: 0}
  m_PrefabInternal: {fileID: 0}
  m_GameObject: {fileID: 13}
  m_Enabled: 1
  m_CastShadows: 1
  m_ReceiveShadows: 1
  m_LightmapIndex: 255
  m_LightmapTilingOffset: {x: 1, y: 1, z: 0, w: 0}
  m_Materials:
  - {fileID: 2100000, guid: feabfa330ba7e4d4b87813ea1b42a974, type: 2}
  m_SubsetIndices: 
  m_StaticBatchRoot: {fileID: 0}
  m_UseLightProbes: 0
  m_LightProbeAnchor: {fileID: 0}
  m_ScaleInLightmap: 1
--- !u!23 &52
Renderer:
  m_ObjectHideFlags: 0
  m_PrefabParentObject: {fileID: 0}
  m_PrefabInternal: {fileID: 0}
  m_GameObject: {fileID: 14}
  m_Enabled: 1
  m_CastShadows: 1
  m_ReceiveShadows: 1
  m_LightmapIndex: 255
  m_LightmapTilingOffset: {x: 1, y: 1, z: 0, w: 0}
  m_Materials:
  - {fileID: 2100000, guid: feabfa330ba7e4d4b87813ea1b42a974, type: 2}
  m_SubsetIndices: 
  m_StaticBatchRoot: {fileID: 0}
  m_UseLightProbes: 0
  m_LightProbeAnchor: {fileID: 0}
  m_ScaleInLightmap: 1
--- !u!23 &53
Renderer:
  m_ObjectHideFlags: 0
  m_PrefabParentObject: {fileID: 0}
  m_PrefabInternal: {fileID: 0}
  m_GameObject: {fileID: 15}
  m_Enabled: 1
  m_CastShadows: 1
  m_ReceiveShadows: 1
  m_LightmapIndex: 255
  m_LightmapTilingOffset: {x: 1, y: 1, z: 0, w: 0}
  m_Materials:
  - {fileID: 2100000, guid: feabfa330ba7e4d4b87813ea1b42a974, type: 2}
  m_SubsetIndices: 
  m_StaticBatchRoot: {fileID: 0}
  m_UseLightProbes: 0
  m_LightProbeAnchor: {fileID: 0}
  m_ScaleInLightmap: 1
--- !u!23 &54
Renderer:
  m_ObjectHideFlags: 0
  m_PrefabParentObject: {fileID: 0}
  m_PrefabInternal: {fileID: 0}
  m_GameObject: {fileID: 16}
  m_Enabled: 1
  m_CastShadows: 1
  m_ReceiveShadows: 1
  m_LightmapIndex: 255
  m_LightmapTilingOffset: {x: 1, y: 1, z: 0, w: 0}
  m_Materials:
  - {fileID: 2100000, guid: feabfa330ba7e4d4b87813ea1b42a974, type: 2}
  m_SubsetIndices: 
  m_StaticBatchRoot: {fileID: 0}
  m_UseLightProbes: 0
  m_LightProbeAnchor: {fileID: 0}
  m_ScaleInLightmap: 1
--- !u!23 &55
Renderer:
  m_ObjectHideFlags: 0
  m_PrefabParentObject: {fileID: 0}
  m_PrefabInternal: {fileID: 0}
  m_GameObject: {fileID: 17}
  m_Enabled: 1
  m_CastShadows: 1
  m_ReceiveShadows: 1
  m_LightmapIndex: 255
  m_LightmapTilingOffset: {x: 1, y: 1, z: 0, w: 0}
  m_Materials:
  - {fileID: 2100000, guid: feabfa330ba7e4d4b87813ea1b42a974, type: 2}
  m_SubsetIndices: 
  m_StaticBatchRoot: {fileID: 0}
  m_UseLightProbes: 0
  m_LightProbeAnchor: {fileID: 0}
  m_ScaleInLightmap: 1
--- !u!23 &56
Renderer:
  m_ObjectHideFlags: 0
  m_PrefabParentObject: {fileID: 0}
  m_PrefabInternal: {fileID: 0}
  m_GameObject: {fileID: 18}
  m_Enabled: 1
  m_CastShadows: 1
  m_ReceiveShadows: 1
  m_LightmapIndex: 255
  m_LightmapTilingOffset: {x: 1, y: 1, z: 0, w: 0}
  m_Materials:
  - {fileID: 2100000, guid: feabfa330ba7e4d4b87813ea1b42a974, type: 2}
  m_SubsetIndices: 
  m_StaticBatchRoot: {fileID: 0}
  m_UseLightProbes: 0
  m_LightProbeAnchor: {fileID: 0}
  m_ScaleInLightmap: 1
--- !u!23 &57
Renderer:
  m_ObjectHideFlags: 0
  m_PrefabParentObject: {fileID: 0}
  m_PrefabInternal: {fileID: 0}
  m_GameObject: {fileID: 19}
  m_Enabled: 1
  m_CastShadows: 1
  m_ReceiveShadows: 1
  m_LightmapIndex: 255
  m_LightmapTilingOffset: {x: 1, y: 1, z: 0, w: 0}
  m_Materials:
  - {fileID: 2100000, guid: feabfa330ba7e4d4b87813ea1b42a974, type: 2}
  m_SubsetIndices: 
  m_StaticBatchRoot: {fileID: 0}
  m_UseLightProbes: 0
  m_LightProbeAnchor: {fileID: 0}
  m_ScaleInLightmap: 1
--- !u!23 &58
Renderer:
  m_ObjectHideFlags: 0
  m_PrefabParentObject: {fileID: 0}
  m_PrefabInternal: {fileID: 0}
  m_GameObject: {fileID: 21}
  m_Enabled: 1
  m_CastShadows: 1
  m_ReceiveShadows: 1
  m_LightmapIndex: 0
  m_LightmapTilingOffset: {x: .390625, y: .78125, z: .000488280988, w: .000976561976}
  m_Materials:
  - {fileID: 2100000, guid: ebf0f1736650f4b828c08617fa13b9d5, type: 2}
  m_SubsetIndices: 
  m_StaticBatchRoot: {fileID: 0}
  m_UseLightProbes: 0
  m_LightProbeAnchor: {fileID: 0}
  m_ScaleInLightmap: .5
--- !u!33 &59
MeshFilter:
  m_ObjectHideFlags: 0
  m_PrefabParentObject: {fileID: 3300000, guid: 539c01fc2687544cb8fb54e030a27f5f,
    type: 2}
  m_PrefabInternal: {fileID: 95}
  m_GameObject: {fileID: 5}
  m_Mesh: {fileID: 10202, guid: 0000000000000000e000000000000000, type: 0}
--- !u!33 &60
MeshFilter:
  m_ObjectHideFlags: 0
  m_PrefabParentObject: {fileID: 0}
  m_PrefabInternal: {fileID: 0}
  m_GameObject: {fileID: 7}
  m_Mesh: {fileID: 10207, guid: 0000000000000000e000000000000000, type: 0}
--- !u!33 &61
MeshFilter:
  m_ObjectHideFlags: 0
  m_PrefabParentObject: {fileID: 0}
  m_PrefabInternal: {fileID: 0}
  m_GameObject: {fileID: 8}
  m_Mesh: {fileID: 10207, guid: 0000000000000000e000000000000000, type: 0}
--- !u!33 &62
MeshFilter:
  m_ObjectHideFlags: 0
  m_PrefabParentObject: {fileID: 0}
  m_PrefabInternal: {fileID: 0}
  m_GameObject: {fileID: 9}
  m_Mesh: {fileID: 10202, guid: 0000000000000000e000000000000000, type: 0}
--- !u!33 &63
MeshFilter:
  m_ObjectHideFlags: 0
  m_PrefabParentObject: {fileID: 0}
  m_PrefabInternal: {fileID: 0}
  m_GameObject: {fileID: 10}
  m_Mesh: {fileID: 10202, guid: 0000000000000000e000000000000000, type: 0}
--- !u!33 &64
MeshFilter:
  m_ObjectHideFlags: 0
  m_PrefabParentObject: {fileID: 0}
  m_PrefabInternal: {fileID: 0}
  m_GameObject: {fileID: 11}
  m_Mesh: {fileID: 10202, guid: 0000000000000000e000000000000000, type: 0}
--- !u!33 &65
MeshFilter:
  m_ObjectHideFlags: 0
  m_PrefabParentObject: {fileID: 0}
  m_PrefabInternal: {fileID: 0}
  m_GameObject: {fileID: 12}
  m_Mesh: {fileID: 10202, guid: 0000000000000000e000000000000000, type: 0}
--- !u!33 &66
MeshFilter:
  m_ObjectHideFlags: 0
  m_PrefabParentObject: {fileID: 0}
  m_PrefabInternal: {fileID: 0}
  m_GameObject: {fileID: 13}
  m_Mesh: {fileID: 10202, guid: 0000000000000000e000000000000000, type: 0}
--- !u!33 &67
MeshFilter:
  m_ObjectHideFlags: 0
  m_PrefabParentObject: {fileID: 0}
  m_PrefabInternal: {fileID: 0}
  m_GameObject: {fileID: 14}
  m_Mesh: {fileID: 10202, guid: 0000000000000000e000000000000000, type: 0}
--- !u!33 &68
MeshFilter:
  m_ObjectHideFlags: 0
  m_PrefabParentObject: {fileID: 0}
  m_PrefabInternal: {fileID: 0}
  m_GameObject: {fileID: 15}
  m_Mesh: {fileID: 10202, guid: 0000000000000000e000000000000000, type: 0}
--- !u!33 &69
MeshFilter:
  m_ObjectHideFlags: 0
  m_PrefabParentObject: {fileID: 0}
  m_PrefabInternal: {fileID: 0}
  m_GameObject: {fileID: 16}
  m_Mesh: {fileID: 10202, guid: 0000000000000000e000000000000000, type: 0}
--- !u!33 &70
MeshFilter:
  m_ObjectHideFlags: 0
  m_PrefabParentObject: {fileID: 0}
  m_PrefabInternal: {fileID: 0}
  m_GameObject: {fileID: 17}
  m_Mesh: {fileID: 10202, guid: 0000000000000000e000000000000000, type: 0}
--- !u!33 &71
MeshFilter:
  m_ObjectHideFlags: 0
  m_PrefabParentObject: {fileID: 0}
  m_PrefabInternal: {fileID: 0}
  m_GameObject: {fileID: 18}
  m_Mesh: {fileID: 10202, guid: 0000000000000000e000000000000000, type: 0}
--- !u!33 &72
MeshFilter:
  m_ObjectHideFlags: 0
  m_PrefabParentObject: {fileID: 0}
  m_PrefabInternal: {fileID: 0}
  m_GameObject: {fileID: 19}
  m_Mesh: {fileID: 10202, guid: 0000000000000000e000000000000000, type: 0}
--- !u!33 &73
MeshFilter:
  m_ObjectHideFlags: 0
  m_PrefabParentObject: {fileID: 0}
  m_PrefabInternal: {fileID: 0}
  m_GameObject: {fileID: 21}
  m_Mesh: {fileID: 10209, guid: 0000000000000000e000000000000000, type: 0}
--- !u!65 &74
BoxCollider:
  m_ObjectHideFlags: 0
  m_PrefabParentObject: {fileID: 6500000, guid: 539c01fc2687544cb8fb54e030a27f5f,
    type: 2}
  m_PrefabInternal: {fileID: 95}
  m_GameObject: {fileID: 5}
  m_Material: {fileID: 0}
  m_IsTrigger: 0
  m_Enabled: 1
  serializedVersion: 2
  m_Size: {x: 1, y: 1, z: 1}
  m_Center: {x: 0, y: 0, z: 0}
--- !u!65 &75
BoxCollider:
  m_ObjectHideFlags: 0
  m_PrefabParentObject: {fileID: 0}
  m_PrefabInternal: {fileID: 0}
  m_GameObject: {fileID: 9}
  m_Material: {fileID: 0}
  m_IsTrigger: 0
  m_Enabled: 1
  serializedVersion: 2
  m_Size: {x: 1, y: 1, z: 1}
  m_Center: {x: 0, y: 0, z: 0}
--- !u!65 &76
BoxCollider:
  m_ObjectHideFlags: 0
  m_PrefabParentObject: {fileID: 0}
  m_PrefabInternal: {fileID: 0}
  m_GameObject: {fileID: 10}
  m_Material: {fileID: 0}
  m_IsTrigger: 0
  m_Enabled: 1
  serializedVersion: 2
  m_Size: {x: 1, y: 1, z: 1}
  m_Center: {x: 0, y: 0, z: 0}
--- !u!65 &77
BoxCollider:
  m_ObjectHideFlags: 0
  m_PrefabParentObject: {fileID: 0}
  m_PrefabInternal: {fileID: 0}
  m_GameObject: {fileID: 11}
  m_Material: {fileID: 0}
  m_IsTrigger: 0
  m_Enabled: 1
  serializedVersion: 2
  m_Size: {x: 1, y: 1, z: 1}
  m_Center: {x: 0, y: 0, z: 0}
--- !u!65 &78
BoxCollider:
  m_ObjectHideFlags: 0
  m_PrefabParentObject: {fileID: 0}
  m_PrefabInternal: {fileID: 0}
  m_GameObject: {fileID: 12}
  m_Material: {fileID: 0}
  m_IsTrigger: 0
  m_Enabled: 1
  serializedVersion: 2
  m_Size: {x: 1, y: 1, z: 1}
  m_Center: {x: 0, y: 0, z: 0}
--- !u!65 &79
BoxCollider:
  m_ObjectHideFlags: 0
  m_PrefabParentObject: {fileID: 0}
  m_PrefabInternal: {fileID: 0}
  m_GameObject: {fileID: 13}
  m_Material: {fileID: 0}
  m_IsTrigger: 0
  m_Enabled: 1
  serializedVersion: 2
  m_Size: {x: 1, y: 1, z: 1}
  m_Center: {x: 0, y: 0, z: 0}
--- !u!65 &80
BoxCollider:
  m_ObjectHideFlags: 0
  m_PrefabParentObject: {fileID: 0}
  m_PrefabInternal: {fileID: 0}
  m_GameObject: {fileID: 14}
  m_Material: {fileID: 0}
  m_IsTrigger: 0
  m_Enabled: 1
  serializedVersion: 2
  m_Size: {x: 1, y: 1, z: 1}
  m_Center: {x: 0, y: 0, z: 0}
--- !u!65 &81
BoxCollider:
  m_ObjectHideFlags: 0
  m_PrefabParentObject: {fileID: 0}
  m_PrefabInternal: {fileID: 0}
  m_GameObject: {fileID: 15}
  m_Material: {fileID: 0}
  m_IsTrigger: 0
  m_Enabled: 1
  serializedVersion: 2
  m_Size: {x: 1, y: 1, z: 1}
  m_Center: {x: 0, y: 0, z: 0}
--- !u!65 &82
BoxCollider:
  m_ObjectHideFlags: 0
  m_PrefabParentObject: {fileID: 0}
  m_PrefabInternal: {fileID: 0}
  m_GameObject: {fileID: 16}
  m_Material: {fileID: 0}
  m_IsTrigger: 0
  m_Enabled: 1
  serializedVersion: 2
  m_Size: {x: 1, y: 1, z: 1}
  m_Center: {x: 0, y: 0, z: 0}
--- !u!65 &83
BoxCollider:
  m_ObjectHideFlags: 0
  m_PrefabParentObject: {fileID: 0}
  m_PrefabInternal: {fileID: 0}
  m_GameObject: {fileID: 17}
  m_Material: {fileID: 0}
  m_IsTrigger: 0
  m_Enabled: 1
  serializedVersion: 2
  m_Size: {x: 1, y: 1, z: 1}
  m_Center: {x: 0, y: 0, z: 0}
--- !u!65 &84
BoxCollider:
  m_ObjectHideFlags: 0
  m_PrefabParentObject: {fileID: 0}
  m_PrefabInternal: {fileID: 0}
  m_GameObject: {fileID: 18}
  m_Material: {fileID: 0}
  m_IsTrigger: 0
  m_Enabled: 1
  serializedVersion: 2
  m_Size: {x: 1, y: 1, z: 1}
  m_Center: {x: 0, y: 0, z: 0}
--- !u!65 &85
BoxCollider:
  m_ObjectHideFlags: 0
  m_PrefabParentObject: {fileID: 0}
  m_PrefabInternal: {fileID: 0}
  m_GameObject: {fileID: 19}
  m_Material: {fileID: 0}
  m_IsTrigger: 0
  m_Enabled: 1
  serializedVersion: 2
  m_Size: {x: 1, y: 1, z: 1}
  m_Center: {x: 0, y: 0, z: 0}
--- !u!65 &86
BoxCollider:
  m_ObjectHideFlags: 0
  m_PrefabParentObject: {fileID: 0}
  m_PrefabInternal: {fileID: 0}
  m_GameObject: {fileID: 21}
  m_Material: {fileID: 0}
  m_IsTrigger: 0
  m_Enabled: 1
  serializedVersion: 2
  m_Size: {x: 10, y: .00999999978, z: 10}
  m_Center: {x: 0, y: 0, z: 0}
--- !u!81 &87
AudioListener:
  m_ObjectHideFlags: 0
  m_PrefabParentObject: {fileID: 0}
  m_PrefabInternal: {fileID: 0}
  m_GameObject: {fileID: 20}
  m_Enabled: 1
--- !u!92 &88
Behaviour:
  m_ObjectHideFlags: 0
  m_PrefabParentObject: {fileID: 0}
  m_PrefabInternal: {fileID: 0}
  m_GameObject: {fileID: 20}
  m_Enabled: 1
--- !u!108 &89
Light:
  m_ObjectHideFlags: 0
  m_PrefabParentObject: {fileID: 0}
  m_PrefabInternal: {fileID: 0}
  m_GameObject: {fileID: 22}
  m_Enabled: 1
  serializedVersion: 3
  m_Type: 1
  m_Color: {r: 1, g: 1, b: 1, a: 1}
  m_Intensity: .5
  m_Range: 10
  m_SpotAngle: 30
  m_CookieSize: 10
  m_Shadows:
    m_Type: 1
    m_Resolution: -1
    m_Strength: 1
    m_Bias: .0500000007
    m_Softness: 4
    m_SoftnessFade: 1
  m_Cookie: {fileID: 0}
  m_DrawHalo: 0
  m_ActuallyLightmapped: 1
  m_Flare: {fileID: 0}
  m_RenderMode: 0
  m_CullingMask:
    serializedVersion: 2
    m_Bits: 4294967295
  m_Lightmapping: 1
  m_ShadowSamples: 5
  m_ShadowRadius: 0
  m_ShadowAngle: 4.06779671
  m_IndirectIntensity: 1
  m_AreaSize: {x: 1, y: 1}
--- !u!124 &90
Behaviour:
  m_ObjectHideFlags: 0
  m_PrefabParentObject: {fileID: 0}
  m_PrefabInternal: {fileID: 0}
  m_GameObject: {fileID: 20}
  m_Enabled: 1
--- !u!135 &91
SphereCollider:
  m_ObjectHideFlags: 0
  m_PrefabParentObject: {fileID: 0}
  m_PrefabInternal: {fileID: 0}
  m_GameObject: {fileID: 7}
  m_Material: {fileID: 0}
  m_IsTrigger: 0
  m_Enabled: 1
  serializedVersion: 2
  m_Radius: .500000119
  m_Center: {x: 5.96046448e-08, y: 0, z: -8.94069672e-08}
--- !u!135 &92
SphereCollider:
  m_ObjectHideFlags: 0
  m_PrefabParentObject: {fileID: 0}
  m_PrefabInternal: {fileID: 0}
  m_GameObject: {fileID: 8}
  m_Material: {fileID: 0}
  m_IsTrigger: 0
  m_Enabled: 1
  serializedVersion: 2
  m_Radius: .500000119
  m_Center: {x: 5.96046448e-08, y: 0, z: -8.94069672e-08}
--- !u!114 &93
MonoBehaviour:
  m_ObjectHideFlags: 0
  m_PrefabParentObject: {fileID: 0}
  m_PrefabInternal: {fileID: 0}
  m_GameObject: {fileID: 20}
  m_Enabled: 1
  m_EditorHideFlags: 0
  m_Script: {fileID: 11500000, guid: e855a4a32fc204115b1e15ca91877d37, type: 1}
  m_Name: 
  activeDemo: 0
  start: {fileID: 27}
  end: {fileID: 26}
  pathOffset: {x: 0, y: 1, z: 0}
  lineMat: {fileID: 2100000, guid: f5dc516bdbde84c5c97a6cf7a8daa61f, type: 2}
  squareMat: {fileID: 2100000, guid: 1c0721d430ad04938a36f5a1b677c1c2, type: 2}
  lineWidth: .400000006
  searchLength: 4000
  spread: 1000
  replaceChance: .100000001
  aimStrength: 0
--- !u!114 &94
MonoBehaviour:
  m_ObjectHideFlags: 0
  m_PrefabParentObject: {fileID: 0}
  m_PrefabInternal: {fileID: 0}
  m_GameObject: {fileID: 23}
  m_Enabled: 1
  m_EditorHideFlags: 0
  m_Script: {fileID: 11500000, guid: 78396926cbbfc4ac3b48fc5fc34a87d1, type: 1}
  m_Name: 
  astarData:
    hasBeenReverted: 0
    data:
    - 94
    - 1
    - 0
    - 0
    - 5
    - 51
    - 46
    - 48
    - 46
    - 57
    - 1
    - 0
    - 0
    - 0
    - 36
    - 101
    - 54
    - 49
    - 48
    - 101
    - 52
    - 100
    - 54
    - 45
    - 50
    - 50
    - 100
    - 52
    - 45
    - 52
    - 50
    - 54
    - 54
    - 45
    - 57
    - 50
    - 51
    - 97
    - 45
    - 57
    - 54
    - 50
    - 54
    - 52
    - 53
    - 57
    - 51
    - 54
    - 52
    - 56
    - 57
    - 254
    - 255
    - 255
    - 255
    - 1
    - 0
    - 0
    - 0
    - 1
    - 0
    - 0
    - 0
    - 9
    - 71
    - 114
    - 105
    - 100
    - 71
    - 114
    - 97
    - 112
    - 104
    - 36
    - 101
    - 54
    - 49
    - 48
    - 101
    - 52
    - 100
    - 54
    - 45
    - 50
    - 50
    - 100
    - 52
    - 45
    - 52
    - 50
    - 54
    - 54
    - 45
    - 57
    - 50
    - 51
    - 97
    - 45
    - 57
    - 54
    - 50
    - 54
    - 52
    - 53
    - 57
    - 51
    - 54
    - 52
    - 56
    - 57
    - 1
    - 0
    - 0
    - 200
    - 66
    - 0
    - 0
    - 200
    - 66
    - 1
    - 1
    - 1
    - 1
    - 0
    - 0
    - 0
    - 1
    - 0
    - 0
    - 0
    - 63
    - 0
    - 0
    - 0
    - 0
    - 0
    - 0
    - 0
    - 192
    - 1
    - 0
    - 0
    - 0
    - 0
    - 0
    - 0
    - 0
    - 0
    - 0
    - 0
    - 0
    - 0
    - 1
    - 0
    - 0
    - 128
    - 63
    - 1
    - 1
    - 0
    - 8
    - 0
    - 0
    - 1
    - 0
    - 0
    - 96
    - 64
    - 1
    - 0
    - 0
    - 0
    - 64
    - 1
    - 1
    - 0
    - 0
    - 0
    - 1
    - 2
    - 0
    - 0
    - 0
    - 1
    - 1
    - 12
    - 0
    - 0
    - 1
    - 0
    - 0
    - 200
    - 66
    - 1
    - 0
    - 0
    - 128
    - 63
    - 1
    - 0
    - 1
    - 1
    - 1
    - 1
    - 1
    - 0
    - 1
    - 154
    - 153
    - 153
    - 62
    - 1
    - 1
    - 0
    - 0
    - 0
    - 1
    - 0
    - 0
    - 180
    - 66
    - 1
    - 0
    - 0
    - 0
    - 0
    - 1
    - 0
    - 1
    - 0
    - 0
    - 0
    - 0
    - 1
    - 0
    - 1
    - 0
    - 0
    - 0
    - 0
    - 1
    - 0
    - 0
    - 0
    - 0
    - 1
    - 0
    - 0
    - 128
    - 63
    - 1
    - 0
    - 1
    - 0
    - 1
    - 0
    - 0
    - 0
    - 0
    - 1
    - 0
    - 0
    - 0
    - 0
    - 1
    - 0
    - 0
    - 0
    - 0
    - 1
    - 1
    - 0
    - 0
    - 0
    - 1
    - 2
    - 0
    - 0
    - 0
    - 1
    - 0
    - 0
    - 0
    - 0
    - 246
    - 255
    - 255
    - 255
    - 1
    - 0
    - 0
    - 0
    - 0
    - 0
    - 0
    - 0
    - 0
    - 0
    - 0
    - 128
    - 63
    - 0
    - 0
    - 128
    - 63
    - 0
    - 0
    - 128
    - 63
    - 0
    - 0
    - 0
    - 0
    - 0
    - 0
    - 0
    - 0
    - 0
    - 0
    - 0
    - 0
    - 0
    - 0
    - 0
    - 0
    - 0
    - 0
    - 1
    - 0
    - 0
    - 1
    - 1
    - 0
    - 0
    - 0
    - 0
    - 0
    - 0
    - 0
    - 0
    - 0
    - 1
    - 0
    - 0
    - 0
    - 0
    - 1
    - 0
    - 1
    - 0
    - 46
    - 0
    - 0
    - 0
    - 18
    - 83
    - 101
    - 114
    - 105
    - 97
    - 108
    - 105
    - 122
    - 101
    - 114
    - 83
    - 101
    - 116
    - 116
    - 105
    - 110
    - 103
    - 115
    - 4
    - 0
    - 0
    - 0
    - 6
    - 71
    - 114
    - 97
    - 112
    - 104
    - 48
    - 63
    - 0
    - 0
    - 0
    - 15
    - 48
    - 35
    - 117
    - 110
    - 99
    - 108
    - 97
    - 109
    - 112
    - 101
    - 100
    - 83
    - 105
    - 122
    - 101
    - 110
    - 0
    - 0
    - 0
    - 12
    - 48
    - 35
    - 99
    - 117
    - 116
    - 67
    - 111
    - 114
    - 110
    - 101
    - 114
    - 115
    - 119
    - 0
    - 0
    - 0
    - 12
    - 48
    - 35
    - 110
    - 101
    - 105
    - 103
    - 104
    - 98
    - 111
    - 117
    - 114
    - 115
    - 121
    - 0
    - 0
    - 0
    - 8
    - 48
    - 35
    - 99
    - 101
    - 110
    - 116
    - 101
    - 114
    - 126
    - 0
    - 0
    - 0
    - 10
    - 48
    - 35
    - 114
    - 111
    - 116
    - 97
    - 116
    - 105
    - 111
    - 110
    - 139
    - 0
    - 0
    - 0
    - 10
    - 48
    - 35
    - 110
    - 111
    - 100
    - 101
    - 83
    - 105
    - 122
    - 101
    - 152
    - 0
    - 0
    - 0
    - 11
    - 48
    - 35
    - 99
    - 111
    - 108
    - 108
    - 105
    - 115
    - 105
    - 111
    - 110
    - 157
    - 0
    - 0
    - 0
    - 16
    - 48
    - 99
    - 111
    - 108
    - 108
    - 105
    - 115
    - 105
    - 111
    - 110
    - 46
    - 35
    - 77
    - 97
    - 115
    - 107
    - 158
    - 0
    - 0
    - 0
    - 20
    - 48
    - 99
    - 111
    - 108
    - 108
    - 105
    - 115
    - 105
    - 111
    - 110
    - 46
    - 35
    - 68
    - 105
    - 97
    - 109
    - 101
    - 116
    - 101
    - 114
    - 163
    - 0
    - 0
    - 0
    - 18
    - 48
    - 99
    - 111
    - 108
    - 108
    - 105
    - 115
    - 105
    - 111
    - 110
    - 46
    - 35
    - 72
    - 101
    - 105
    - 103
    - 104
    - 116
    - 168
    - 0
    - 0
    - 0
    - 16
    - 48
    - 99
    - 111
    - 108
    - 108
    - 105
    - 115
    - 105
    - 111
    - 110
    - 46
    - 35
    - 84
    - 121
    - 112
    - 101
    - 173
    - 0
    - 0
    - 0
    - 24
    - 48
    - 99
    - 111
    - 108
    - 108
    - 105
    - 115
    - 105
    - 111
    - 110
    - 46
    - 35
    - 82
    - 97
    - 121
    - 68
    - 105
    - 114
    - 101
    - 99
    - 116
    - 105
    - 111
    - 110
    - 178
    - 0
    - 0
    - 0
    - 22
    - 48
    - 99
    - 111
    - 108
    - 108
    - 105
    - 115
    - 105
    - 111
    - 110
    - 46
    - 35
    - 104
    - 101
    - 105
    - 103
    - 104
    - 116
    - 77
    - 97
    - 115
    - 107
    - 183
    - 0
    - 0
    - 0
    - 22
    - 48
    - 99
    - 111
    - 108
    - 108
    - 105
    - 115
    - 105
    - 111
    - 110
    - 46
    - 35
    - 102
    - 114
    - 111
    - 109
    - 72
    - 101
    - 105
    - 103
    - 104
    - 116
    - 188
    - 0
    - 0
    - 0
    - 32
    - 48
    - 99
    - 111
    - 108
    - 108
    - 105
    - 115
    - 105
    - 111
    - 110
    - 46
    - 35
    - 116
    - 104
    - 105
    - 99
    - 107
    - 82
    - 97
    - 121
    - 99
    - 97
    - 115
    - 116
    - 68
    - 105
    - 97
    - 109
    - 101
    - 116
    - 101
    - 114
    - 193
    - 0
    - 0
    - 0
    - 24
    - 48
    - 99
    - 111
    - 108
    - 108
    - 105
    - 115
    - 105
    - 111
    - 110
    - 46
    - 35
    - 116
    - 104
    - 105
    - 99
    - 107
    - 82
    - 97
    - 121
    - 99
    - 97
    - 115
    - 116
    - 198
    - 0
    - 0
    - 0
    - 26
    - 48
    - 99
    - 111
    - 108
    - 108
    - 105
    - 115
    - 105
    - 111
    - 110
    - 46
    - 35
    - 99
    - 111
    - 108
    - 108
    - 105
    - 115
    - 105
    - 111
    - 110
    - 67
    - 104
    - 101
    - 99
    - 107
    - 200
    - 0
    - 0
    - 0
    - 23
    - 48
    - 99
    - 111
    - 108
    - 108
    - 105
    - 115
    - 105
    - 111
    - 110
    - 46
    - 35
    - 104
    - 101
    - 105
    - 103
    - 104
    - 116
    - 67
    - 104
    - 101
    - 99
    - 107
    - 202
    - 0
    - 0
    - 0
    - 34
    - 48
    - 99
    - 111
    - 108
    - 108
    - 105
    - 115
    - 105
    - 111
    - 110
    - 46
    - 35
    - 117
    - 110
    - 119
    - 97
    - 108
    - 107
    - 97
    - 98
    - 108
    - 101
    - 87
    - 104
    - 101
    - 110
    - 78
    - 111
    - 71
    - 114
    - 111
    - 117
    - 110
    - 100
    - 204
    - 0
    - 0
    - 0
    - 10
    - 48
    - 35
    - 109
    - 97
    - 120
    - 67
    - 108
    - 105
    - 109
    - 98
    - 206
    - 0
    - 0
    - 0
    - 14
    - 48
    - 35
    - 109
    - 97
    - 120
    - 67
    - 108
    - 105
    - 109
    - 98
    - 65
    - 120
    - 105
    - 115
    - 211
    - 0
    - 0
    - 0
    - 10
    - 48
    - 35
    - 109
    - 97
    - 120
    - 83
    - 108
    - 111
    - 112
    - 101
    - 216
    - 0
    - 0
    - 0
    - 17
    - 48
    - 35
    - 101
    - 114
    - 111
    - 100
    - 101
    - 73
    - 116
    - 101
    - 114
    - 97
    - 116
    - 105
    - 111
    - 110
    - 115
    - 221
    - 0
    - 0
    - 0
    - 14
    - 48
    - 35
    - 112
    - 101
    - 110
    - 97
    - 108
    - 116
    - 121
    - 65
    - 110
    - 103
    - 108
    - 101
    - 226
    - 0
    - 0
    - 0
    - 20
    - 48
    - 35
    - 112
    - 101
    - 110
    - 97
    - 108
    - 116
    - 121
    - 65
    - 110
    - 103
    - 108
    - 101
    - 70
    - 97
    - 99
    - 116
    - 111
    - 114
    - 228
    - 0
    - 0
    - 0
    - 17
    - 48
    - 35
    - 112
    - 101
    - 110
    - 97
    - 108
    - 116
    - 121
    - 80
    - 111
    - 115
    - 105
    - 116
    - 105
    - 111
    - 110
    - 233
    - 0
    - 0
    - 0
    - 23
    - 48
    - 35
    - 112
    - 101
    - 110
    - 97
    - 108
    - 116
    - 121
    - 80
    - 111
    - 115
    - 105
    - 116
    - 105
    - 111
    - 110
    - 79
    - 102
    - 102
    - 115
    - 101
    - 116
    - 235
    - 0
    - 0
    - 0
    - 23
    - 48
    - 35
    - 112
    - 101
    - 110
    - 97
    - 108
    - 116
    - 121
    - 80
    - 111
    - 115
    - 105
    - 116
    - 105
    - 111
    - 110
    - 70
    - 97
    - 99
    - 116
    - 111
    - 114
    - 240
    - 0
    - 0
    - 0
    - 13
    - 48
    - 35
    - 97
    - 115
    - 112
    - 101
    - 99
    - 116
    - 82
    - 97
    - 116
    - 105
    - 111
    - 245
    - 0
    - 0
    - 0
    - 13
    - 48
    - 35
    - 116
    - 101
    - 120
    - 116
    - 117
    - 114
    - 101
    - 68
    - 97
    - 116
    - 97
    - 250
    - 0
    - 0
    - 0
    - 20
    - 48
    - 116
    - 101
    - 120
    - 116
    - 117
    - 114
    - 101
    - 68
    - 97
    - 116
    - 97
    - 46
    - 35
    - 115
    - 111
    - 117
    - 114
    - 99
    - 101
    - 251
    - 0
    - 0
    - 0
    - 21
    - 48
    - 116
    - 101
    - 120
    - 116
    - 117
    - 114
    - 101
    - 68
    - 97
    - 116
    - 97
    - 46
    - 35
    - 101
    - 110
    - 97
    - 98
    - 108
    - 101
    - 100
    - 252
    - 0
    - 0
    - 0
    - 21
    - 48
    - 116
    - 101
    - 120
    - 116
    - 117
    - 114
    - 101
    - 68
    - 97
    - 116
    - 97
    - 46
    - 35
    - 102
    - 97
    - 99
    - 116
    - 111
    - 114
    - 48
    - 254
    - 0
    - 0
    - 0
    - 21
    - 48
    - 116
    - 101
    - 120
    - 116
    - 117
    - 114
    - 101
    - 68
    - 97
    - 116
    - 97
    - 46
    - 35
    - 102
    - 97
    - 99
    - 116
    - 111
    - 114
    - 49
    - 3
    - 1
    - 0
    - 0
    - 21
    - 48
    - 116
    - 101
    - 120
    - 116
    - 117
    - 114
    - 101
    - 68
    - 97
    - 116
    - 97
    - 46
    - 35
    - 102
    - 97
    - 99
    - 116
    - 111
    - 114
    - 50
    - 8
    - 1
    - 0
    - 0
    - 22
    - 48
    - 116
    - 101
    - 120
    - 116
    - 117
    - 114
    - 101
    - 68
    - 97
    - 116
    - 97
    - 46
    - 35
    - 99
    - 104
    - 97
    - 110
    - 110
    - 101
    - 108
    - 48
    - 13
    - 1
    - 0
    - 0
    - 22
    - 48
    - 116
    - 101
    - 120
    - 116
    - 117
    - 114
    - 101
    - 68
    - 97
    - 116
    - 97
    - 46
    - 35
    - 99
    - 104
    - 97
    - 110
    - 110
    - 101
    - 108
    - 49
    - 18
    - 1
    - 0
    - 0
    - 22
    - 48
    - 116
    - 101
    - 120
    - 116
    - 117
    - 114
    - 101
    - 68
    - 97
    - 116
    - 97
    - 46
    - 35
    - 99
    - 104
    - 97
    - 110
    - 110
    - 101
    - 108
    - 50
    - 23
    - 1
    - 0
    - 0
    - 17
    - 71
    - 114
    - 97
    - 112
    - 104
    - 78
    - 111
    - 100
    - 101
    - 115
    - 95
    - 71
    - 114
    - 97
    - 112
    - 104
    - 48
    - 28
    - 1
    - 0
    - 0
    - 15
    - 85
    - 115
    - 101
    - 114
    - 67
    - 111
    - 110
    - 110
    - 101
    - 99
    - 116
    - 105
    - 111
    - 110
    - 115
    - 32
    - 1
    - 0
    - 0
    - 16
    - 69
    - 100
    - 105
    - 116
    - 111
    - 114
    - 83
    - 101
    - 116
    - 116
    - 105
    - 110
    - 103
    - 115
    - 95
    - 48
    - 81
    - 1
    - 0
    - 0
    - 8
    - 48
    - 69
    - 35
    - 112
    - 105
    - 118
    - 111
    - 116
    - 85
    - 1
    - 0
    - 0
    - 9
    - 48
    - 69
    - 35
    - 108
    - 111
    - 99
    - 107
    - 101
    - 100
    - 90
    - 1
    - 0
    - 0
    - 12
    - 48
    - 69
    - 35
    - 115
    - 104
    - 111
    - 119
    - 69
    - 120
    - 116
    - 114
    - 97
    - 92
    - 1
    - 0
    - 0
    data_backup: []
    data_cachedStartup: []
    cacheStartup: 0
    compress: 0
  showGraphs: 1
  showNavGraphs: 0
  showUnwalkableNodes: 0
  scanOnStartup: 1
  prioritizeGraphs: 0
  prioritizeGraphsLimit: 1
  colorSettings:
    _NodeConnection:
      r: 0
      g: 1
      b: 0
      a: .5
    _UnwalkableNode:
      r: .996895254
      g: 0
      b: 0
      a: .5
    _BoundsHandles:
      r: .289999992
      g: .453999996
      b: .740999997
      a: .899999976
    _ConnectionLowLerp:
      r: 0
      g: 1
      b: 0
      a: .5
    _ConnectionHighLerp:
      r: 1
      g: 0
      b: 0
      a: .5
    _MeshEdgeColor:
      r: 0
      g: 0
      b: 0
      a: .5
    _MeshColor:
      r: .125
      g: .68599999
      b: 0
      a: .189999998
    _AreaColors: []
  lastScanTime: .151530996
  startUpdate: 0
  lastUniqueAreaIndex: 1
  heuristic: 2
  heuristicScale: 1
  inGameDebugPath: 
  debugMode: 1
  debugFloor: 0
  debugRoof: 4000
  showSearchTree: 0
  unwalkableNodeDebugSize: .300000012
  stepByStep: 1
  useMultithreading: 1
  maxFrameTime: 200
  binaryHeapSize: 5000
  recyclePaths: 0
  minAreaSize: 10
  logPathResults: 1
  limitGraphUpdates: 1
  maxGraphUpdateFreq: .200000003
--- !u!1001 &95
Prefab:
  m_ObjectHideFlags: 0
  serializedVersion: 2
  m_Modification:
    m_TransformParent: {fileID: 0}
    m_Modifications:
    - target: {fileID: 100000, guid: 539c01fc2687544cb8fb54e030a27f5f, type: 2}
      propertyPath: m_Name
      value: Cube
      objectReference: {fileID: 0}
    - target: {fileID: 100000, guid: 539c01fc2687544cb8fb54e030a27f5f, type: 2}
      propertyPath: m_IsActive
      value: 0
      objectReference: {fileID: 0}
    - target: {fileID: 400000, guid: 539c01fc2687544cb8fb54e030a27f5f, type: 2}
      propertyPath: m_LocalRotation.x
      value: 0
      objectReference: {fileID: 0}
    - target: {fileID: 400000, guid: 539c01fc2687544cb8fb54e030a27f5f, type: 2}
      propertyPath: m_LocalRotation.y
      value: 0
      objectReference: {fileID: 0}
    - target: {fileID: 400000, guid: 539c01fc2687544cb8fb54e030a27f5f, type: 2}
      propertyPath: m_LocalRotation.z
      value: 0
      objectReference: {fileID: 0}
    - target: {fileID: 400000, guid: 539c01fc2687544cb8fb54e030a27f5f, type: 2}
      propertyPath: m_LocalRotation.w
      value: 1
      objectReference: {fileID: 0}
    - target: {fileID: 400000, guid: 539c01fc2687544cb8fb54e030a27f5f, type: 2}
      propertyPath: m_LocalPosition.x
      value: 0
      objectReference: {fileID: 0}
    - target: {fileID: 400000, guid: 539c01fc2687544cb8fb54e030a27f5f, type: 2}
      propertyPath: m_LocalPosition.y
      value: 2
      objectReference: {fileID: 0}
    - target: {fileID: 400000, guid: 539c01fc2687544cb8fb54e030a27f5f, type: 2}
      propertyPath: m_LocalPosition.z
      value: 0
      objectReference: {fileID: 0}
    m_RemovedComponents: []
  m_ParentPrefab: {fileID: 100100000, guid: 539c01fc2687544cb8fb54e030a27f5f, type: 2}
  m_RootGameObject: {fileID: 5}
  m_IsPrefabParent: 0
  m_IsExploded: 1
--- !u!196 &96
NavMeshSettings:
  m_ObjectHideFlags: 0
  m_BuildSettings:
    agentRadius: .5
    agentHeight: 2
    agentSlope: 45
    agentClimb: .400000006
    ledgeDropHeight: 0
    maxJumpAcrossDistance: 0
    accuratePlacement: 0
    minRegionArea: 2
    widthInaccuracy: 16.666666
    heightInaccuracy: 10
  m_NavMesh: {fileID: 0}
