%YAML 1.1
%TAG !u! tag:unity3d.com,2011:
--- !u!29 &1
Scene:
  m_ObjectHideFlags: 0
  m_PVSData: 
  m_QueryMode: 1
  m_PVSObjectsArray: []
  m_PVSPortalsArray: []
  m_OcclusionBakeSettings:
    viewCellSize: 1
    bakeMode: 2
    memoryUsage: 10485760
--- !u!104 &2
RenderSettings:
  m_Fog: 0
  m_FogColor: {r: .5, g: .5, b: .5, a: 1}
  m_FogMode: 3
  m_FogDensity: .00999999978
  m_LinearFogStart: 0
  m_LinearFogEnd: 300
  m_AmbientLight: {r: .200000003, g: .200000003, b: .200000003, a: 1}
  m_SkyboxMaterial: {fileID: 0}
  m_HaloStrength: .5
  m_FlareStrength: 1
  m_HaloTexture: {fileID: 0}
  m_SpotCookie: {fileID: 0}
  m_ObjectHideFlags: 0
--- !u!127 &3
GameManager:
  m_ObjectHideFlags: 0
--- !u!157 &4
LightmapSettings:
  m_ObjectHideFlags: 0
  m_LightProbes: {fileID: 0}
  m_Lightmaps: []
  m_LightmapsMode: 1
  m_BakedColorSpace: 0
  m_UseDualLightmapsInForward: 0
  m_LightmapEditorSettings:
    m_Resolution: 50
    m_LastUsedResolution: 0
    m_TextureWidth: 1024
    m_TextureHeight: 1024
    m_BounceBoost: 1
    m_BounceIntensity: 1
    m_SkyLightColor: {r: .860000014, g: .930000007, b: 1, a: 1}
    m_SkyLightIntensity: 0
    m_Quality: 0
    m_Bounces: 1
    m_FinalGatherRays: 1000
    m_FinalGatherContrastThreshold: .0500000007
    m_FinalGatherGradientThreshold: 0
    m_FinalGatherInterpolationPoints: 15
    m_AOAmount: 0
    m_AOMaxDistance: .100000001
    m_AOContrast: 1
    m_LODSurfaceMappingDistance: 1
    m_Padding: 0
    m_TextureCompression: 0
    m_LockAtlas: 0
--- !u!1 &5
GameObject:
  m_ObjectHideFlags: 0
  m_PrefabParentObject: {fileID: 0}
  m_PrefabInternal: {fileID: 0}
  serializedVersion: 3
  m_Component:
  - 4: {fileID: 19}
  - 132: {fileID: 56}
  m_Layer: 0
  m_Name: GUI Text
  m_TagString: Untagged
  m_Icon: {fileID: 0}
  m_NavMeshLayer: 0
  m_StaticEditorFlags: 0
  m_IsActive: 1
--- !u!1 &6
GameObject:
  m_ObjectHideFlags: 0
  m_PrefabParentObject: {fileID: 0}
  m_PrefabInternal: {fileID: 0}
  serializedVersion: 3
  m_Component:
  - 4: {fileID: 20}
  - 33: {fileID: 40}
  - 23: {fileID: 35}
  m_Layer: 8
  m_Name: Cube
  m_TagString: Untagged
  m_Icon: {fileID: 0}
  m_NavMeshLayer: 0
  m_StaticEditorFlags: 0
  m_IsActive: 1
--- !u!1 &7
GameObject:
  m_ObjectHideFlags: 0
  m_PrefabParentObject: {fileID: 0}
  m_PrefabInternal: {fileID: 0}
  serializedVersion: 3
  m_Component:
  - 4: {fileID: 21}
  - 20: {fileID: 33}
  - 92: {fileID: 50}
  - 124: {fileID: 54}
  - 81: {fileID: 49}
  - 114: {fileID: 64}
  m_Layer: 0
  m_Name: Main Camera
  m_TagString: MainCamera
  m_Icon: {fileID: 0}
  m_NavMeshLayer: 0
  m_StaticEditorFlags: 0
  m_IsActive: 1
--- !u!1 &8
GameObject:
  m_ObjectHideFlags: 0
  m_PrefabParentObject: {fileID: 0}
  m_PrefabInternal: {fileID: 0}
  serializedVersion: 3
  m_Component:
  - 4: {fileID: 22}
  - 119: {fileID: 53}
  - 114: {fileID: 63}
  m_Layer: 9
  m_Name: Shadow
  m_TagString: Untagged
  m_Icon: {fileID: 0}
  m_NavMeshLayer: 0
  m_StaticEditorFlags: 0
  m_IsActive: 1
--- !u!1 &9
GameObject:
  m_ObjectHideFlags: 0
  m_PrefabParentObject: {fileID: 0}
  m_PrefabInternal: {fileID: 0}
  serializedVersion: 3
  m_Component:
  - 4: {fileID: 23}
  - 143: {fileID: 57}
  - 114: {fileID: 58}
  - 114: {fileID: 59}
  - 114: {fileID: 60}
  - 114: {fileID: 61}
  - 114: {fileID: 62}
  m_Layer: 9
  m_Name: Player
  m_TagString: Untagged
  m_Icon: {fileID: 0}
  m_NavMeshLayer: 0
  m_StaticEditorFlags: 0
  m_IsActive: 1
--- !u!1 &10
GameObject:
  m_ObjectHideFlags: 0
  m_PrefabParentObject: {fileID: 0}
  m_PrefabInternal: {fileID: 0}
  serializedVersion: 3
  m_Component:
  - 4: {fileID: 24}
  - 33: {fileID: 41}
  - 23: {fileID: 36}
  m_Layer: 9
  m_Name: Capsule
  m_TagString: Untagged
  m_Icon: {fileID: 0}
  m_NavMeshLayer: 0
  m_StaticEditorFlags: 0
  m_IsActive: 1
--- !u!1 &11
GameObject:
  m_ObjectHideFlags: 0
  m_PrefabParentObject: {fileID: 0}
  m_PrefabInternal: {fileID: 0}
  serializedVersion: 3
  m_Component:
  - 4: {fileID: 25}
  - 20: {fileID: 34}
  - 124: {fileID: 55}
  m_Layer: 0
  m_Name: Camera
  m_TagString: Untagged
  m_Icon: {fileID: 0}
  m_NavMeshLayer: 0
  m_StaticEditorFlags: 0
  m_IsActive: 0
--- !u!1 &12
GameObject:
  m_ObjectHideFlags: 0
  m_PrefabParentObject: {fileID: 0}
  m_PrefabInternal: {fileID: 0}
  serializedVersion: 3
  m_Component:
  - 4: {fileID: 26}
  - 108: {fileID: 51}
  m_Layer: 0
  m_Name: Directional light
  m_TagString: Untagged
  m_Icon: {fileID: 0}
  m_NavMeshLayer: 0
  m_StaticEditorFlags: 0
  m_IsActive: 1
--- !u!1 &13
GameObject:
  m_ObjectHideFlags: 0
  m_PrefabParentObject: {fileID: 0}
  m_PrefabInternal: {fileID: 0}
  serializedVersion: 3
  m_Component:
  - 4: {fileID: 27}
  m_Layer: 0
  m_Name: Target
  m_TagString: Untagged
  m_Icon: {fileID: 0}
  m_NavMeshLayer: 0
  m_StaticEditorFlags: 0
  m_IsActive: 1
--- !u!1 &14
GameObject:
  m_ObjectHideFlags: 0
  m_PrefabParentObject: {fileID: 0}
  m_PrefabInternal: {fileID: 0}
  serializedVersion: 3
  m_Component:
  - 4: {fileID: 28}
  - 114: {fileID: 66}
  m_Layer: 0
  m_Name: A*
  m_TagString: Untagged
  m_Icon: {fileID: 0}
  m_NavMeshLayer: 0
  m_StaticEditorFlags: 0
  m_IsActive: 1
--- !u!1 &15
GameObject:
  m_ObjectHideFlags: 0
  m_PrefabParentObject: {fileID: 0}
  m_PrefabInternal: {fileID: 0}
  serializedVersion: 3
  m_Component:
  - 4: {fileID: 29}
  - 33: {fileID: 42}
  - 65: {fileID: 46}
  - 23: {fileID: 37}
  m_Layer: 0
  m_Name: Cube
  m_TagString: Untagged
  m_Icon: {fileID: 0}
  m_NavMeshLayer: 0
  m_StaticEditorFlags: 0
  m_IsActive: 1
--- !u!1 &16
GameObject:
  m_ObjectHideFlags: 0
  m_PrefabParentObject: {fileID: 0}
  m_PrefabInternal: {fileID: 0}
  serializedVersion: 3
  m_Component:
  - 4: {fileID: 30}
  - 65: {fileID: 47}
  - 114: {fileID: 65}
  - 111: {fileID: 52}
  m_Layer: 8
  m_Name: Door
  m_TagString: Untagged
  m_Icon: {fileID: 0}
  m_NavMeshLayer: 0
  m_StaticEditorFlags: 0
  m_IsActive: 1
--- !u!1 &17
GameObject:
  m_ObjectHideFlags: 0
  m_PrefabParentObject: {fileID: 0}
  m_PrefabInternal: {fileID: 0}
  serializedVersion: 3
  m_Component:
  - 4: {fileID: 31}
  - 33: {fileID: 43}
  - 65: {fileID: 48}
  - 23: {fileID: 38}
  m_Layer: 0
  m_Name: Cube
  m_TagString: Untagged
  m_Icon: {fileID: 0}
  m_NavMeshLayer: 0
  m_StaticEditorFlags: 0
  m_IsActive: 1
--- !u!1 &18
GameObject:
  m_ObjectHideFlags: 0
  m_PrefabParentObject: {fileID: 0}
  m_PrefabInternal: {fileID: 0}
  serializedVersion: 3
  m_Component:
  - 4: {fileID: 32}
  - 33: {fileID: 44}
  - 64: {fileID: 45}
  - 23: {fileID: 39}
  m_Layer: 0
  m_Name: Plane
  m_TagString: Untagged
  m_Icon: {fileID: 0}
  m_NavMeshLayer: 0
  m_StaticEditorFlags: 0
  m_IsActive: 1
--- !u!4 &19
Transform:
  m_ObjectHideFlags: 0
  m_PrefabParentObject: {fileID: 0}
  m_PrefabInternal: {fileID: 0}
  m_GameObject: {fileID: 5}
  m_LocalRotation: {x: 0, y: 0, z: 0, w: 1}
  m_LocalPosition: {x: 0, y: 1, z: 0}
  m_LocalScale: {x: 1, y: 1, z: 1}
  m_LocalEulerAnglesHint: {x: 0, y: 0, z: 0}
  m_Children: []
  m_Father: {fileID: 0}
--- !u!4 &20
Transform:
  m_ObjectHideFlags: 0
  m_PrefabParentObject: {fileID: 0}
  m_PrefabInternal: {fileID: 0}
  m_GameObject: {fileID: 6}
  m_LocalRotation: {x: 0, y: 0, z: 0, w: 1}
  m_LocalPosition: {x: -.456862688, y: 0, z: 0}
  m_LocalScale: {x: 1, y: 1, z: 1}
  m_LocalEulerAnglesHint: {x: 0, y: 0, z: 0}
  m_Children: []
  m_Father: {fileID: 30}
--- !u!4 &21
Transform:
  m_ObjectHideFlags: 0
  m_PrefabParentObject: {fileID: 0}
  m_PrefabInternal: {fileID: 0}
  m_GameObject: {fileID: 7}
  m_LocalRotation: {x: .0850822628, y: -.825813055, z: .542219937, w: .129581779}
  m_LocalPosition: {x: 3.61470389, y: 9.7716856, z: 4.6025219}
  m_LocalScale: {x: 1, y: 1, z: 1}
  m_LocalEulerAnglesHint: {x: 66.5769501, y: -162.164429, z: -6.10351562e-05}
  m_Children: []
  m_Father: {fileID: 0}
--- !u!4 &22
Transform:
  m_ObjectHideFlags: 0
  m_PrefabParentObject: {fileID: 0}
  m_PrefabInternal: {fileID: 0}
  m_GameObject: {fileID: 8}
  m_LocalRotation: {x: -.705589414, y: -.0463001654, z: .0463001728, w: -.705589294}
  m_LocalPosition: {x: 0, y: .446803093, z: 0}
  m_LocalScale: {x: 1, y: 1, z: 1}
  m_LocalEulerAnglesHint: {x: 90, y: 7.50863647, z: 0}
  m_Children: []
  m_Father: {fileID: 23}
--- !u!4 &23
Transform:
  m_ObjectHideFlags: 0
  m_PrefabParentObject: {fileID: 0}
  m_PrefabInternal: {fileID: 0}
  m_GameObject: {fileID: 9}
  m_LocalRotation: {x: 0, y: .0654783249, z: 0, w: -.997853994}
  m_LocalPosition: {x: -.547323287, y: 1.06129861, z: -2.50183725}
  m_LocalScale: {x: 1, y: 1, z: 1}
  m_LocalEulerAnglesHint: {x: 0, y: -7.50866699, z: 0}
  m_Children:
  - {fileID: 25}
  - {fileID: 24}
  - {fileID: 22}
  m_Father: {fileID: 0}
--- !u!4 &24
Transform:
  m_ObjectHideFlags: 0
  m_PrefabParentObject: {fileID: 0}
  m_PrefabInternal: {fileID: 0}
  m_GameObject: {fileID: 10}
  m_LocalRotation: {x: 0, y: 0, z: 0, w: 1}
  m_LocalPosition: {x: 0, y: 0, z: 0}
  m_LocalScale: {x: .687573671, y: .687573731, z: .687573671}
  m_LocalEulerAnglesHint: {x: 0, y: 0, z: 0}
  m_Children: []
  m_Father: {fileID: 23}
--- !u!4 &25
Transform:
  m_ObjectHideFlags: 0
  m_PrefabParentObject: {fileID: 0}
  m_PrefabInternal: {fileID: 0}
  m_GameObject: {fileID: 11}
  m_LocalRotation: {x: .0436193943, y: 0, z: 0, w: .999048233}
  m_LocalPosition: {x: 1.47148967e-07, y: .719596863, z: -.0598700829}
  m_LocalScale: {x: 1, y: 1, z: 1}
  m_LocalEulerAnglesHint: {x: 5, y: 0, z: 0}
  m_Children: []
  m_Father: {fileID: 23}
--- !u!4 &26
Transform:
  m_ObjectHideFlags: 0
  m_PrefabParentObject: {fileID: 0}
  m_PrefabInternal: {fileID: 0}
  m_GameObject: {fileID: 12}
  m_LocalRotation: {x: .927569985, y: -.05524569, z: .152168959, w: .336758941}
  m_LocalPosition: {x: -6.7170682, y: -1.8904314, z: -.896556854}
  m_LocalScale: {x: 1, y: 1, z: 1}
  m_LocalEulerAnglesHint: {x: 39.9073639, y: 161.367096, z: -180}
  m_Children: []
  m_Father: {fileID: 0}
--- !u!4 &27
Transform:
  m_ObjectHideFlags: 0
  m_PrefabParentObject: {fileID: 0}
  m_PrefabInternal: {fileID: 0}
  m_GameObject: {fileID: 13}
  m_LocalRotation: {x: 0, y: 0, z: 0, w: 1}
  m_LocalPosition: {x: -6.7170682, y: -1.8904314, z: -.896556854}
  m_LocalScale: {x: 1, y: 1, z: 1}
  m_LocalEulerAnglesHint: {x: 0, y: 0, z: 0}
  m_Children: []
  m_Father: {fileID: 0}
--- !u!4 &28
Transform:
  m_ObjectHideFlags: 0
  m_PrefabParentObject: {fileID: 0}
  m_PrefabInternal: {fileID: 0}
  m_GameObject: {fileID: 14}
  m_LocalRotation: {x: 0, y: 0, z: 0, w: 1}
  m_LocalPosition: {x: 0, y: 0, z: 0}
  m_LocalScale: {x: 1, y: 1, z: 1}
  m_LocalEulerAnglesHint: {x: 0, y: 0, z: 0}
  m_Children: []
  m_Father: {fileID: 0}
--- !u!4 &29
Transform:
  m_ObjectHideFlags: 0
  m_PrefabParentObject: {fileID: 0}
  m_PrefabInternal: {fileID: 0}
  m_GameObject: {fileID: 15}
  m_LocalRotation: {x: 0, y: 0, z: 0, w: 1}
  m_LocalPosition: {x: -2.26105738, y: .899999976, z: 0}
  m_LocalScale: {x: 6.05553341, y: 2, z: .200000003}
  m_LocalEulerAnglesHint: {x: 0, y: 0, z: 0}
  m_Children: []
  m_Father: {fileID: 0}
--- !u!4 &30
Transform:
  m_ObjectHideFlags: 0
  m_PrefabParentObject: {fileID: 0}
  m_PrefabInternal: {fileID: 0}
  m_GameObject: {fileID: 16}
  m_LocalRotation: {x: 0, y: 0, z: 0, w: 1}
  m_LocalPosition: {x: 1.92446804, y: .899999976, z: 0}
  m_LocalScale: {x: 1.19209158, y: 2, z: .200000003}
  m_LocalEulerAnglesHint: {x: 0, y: 0, z: 0}
  m_Children:
  - {fileID: 20}
  m_Father: {fileID: 0}
--- !u!4 &31
Transform:
  m_ObjectHideFlags: 0
  m_PrefabParentObject: {fileID: 0}
  m_PrefabInternal: {fileID: 0}
  m_GameObject: {fileID: 17}
  m_LocalRotation: {x: 0, y: 0, z: 0, w: 1}
  m_LocalPosition: {x: 3.53048778, y: .899999976, z: 0}
  m_LocalScale: {x: 3.07242084, y: 2, z: .200000003}
  m_LocalEulerAnglesHint: {x: 0, y: 0, z: 0}
  m_Children: []
  m_Father: {fileID: 0}
--- !u!4 &32
Transform:
  m_ObjectHideFlags: 0
  m_PrefabParentObject: {fileID: 0}
  m_PrefabInternal: {fileID: 0}
  m_GameObject: {fileID: 18}
  m_LocalRotation: {x: 0, y: 0, z: 0, w: 1}
  m_LocalPosition: {x: 0, y: 0, z: 0}
  m_LocalScale: {x: 1, y: 1, z: 1}
  m_LocalEulerAnglesHint: {x: 0, y: 0, z: 0}
  m_Children: []
  m_Father: {fileID: 0}
--- !u!20 &33
Camera:
  m_ObjectHideFlags: 0
  m_PrefabParentObject: {fileID: 0}
  m_PrefabInternal: {fileID: 0}
  m_GameObject: {fileID: 7}
  m_Enabled: 1
  serializedVersion: 2
  m_ClearFlags: 1
  m_BackGroundColor: {r: .192156866, g: .301960796, b: .474509805, a: .0196078438}
  m_NormalizedViewPortRect:
    serializedVersion: 2
    x: 0
    y: 0
    width: 1
    height: 1
  near clip plane: .300000012
  far clip plane: 1000
  field of view: 60
  orthographic: 0
  orthographic size: 100
  m_Depth: -1
  m_CullingMask:
    serializedVersion: 2
    m_Bits: 4294967295
  m_RenderingPath: -1
  m_TargetTexture: {fileID: 0}
  m_HDR: 0
--- !u!20 &34
Camera:
  m_ObjectHideFlags: 0
  m_PrefabParentObject: {fileID: 0}
  m_PrefabInternal: {fileID: 0}
  m_GameObject: {fileID: 11}
  m_Enabled: 1
  serializedVersion: 2
  m_ClearFlags: 1
  m_BackGroundColor: {r: .192156866, g: .301960796, b: .474509805, a: .0196078438}
  m_NormalizedViewPortRect:
    serializedVersion: 2
    x: .600000024
    y: .600000024
    width: .400000006
    height: .400000006
  near clip plane: .300000012
  far clip plane: 1000
  field of view: 76.1818161
  orthographic: 0
  orthographic size: 100
  m_Depth: 0
  m_CullingMask:
    serializedVersion: 2
    m_Bits: 4294967295
  m_RenderingPath: -1
  m_TargetTexture: {fileID: 0}
  m_HDR: 0
--- !u!23 &35
Renderer:
  m_ObjectHideFlags: 0
  m_PrefabParentObject: {fileID: 0}
  m_PrefabInternal: {fileID: 0}
  m_GameObject: {fileID: 6}
  m_Enabled: 1
  m_CastShadows: 1
  m_ReceiveShadows: 1
  m_LightmapIndex: 255
  m_LightmapTilingOffset: {x: 1, y: 1, z: 0, w: 0}
  m_Materials:
  - {fileID: 2100000, guid: 863174fbef875425ca78e4c949f12318, type: 2}
  m_SubsetIndices: 
  m_StaticBatchRoot: {fileID: 0}
  m_UseLightProbes: 0
  m_LightProbeAnchor: {fileID: 0}
  m_ScaleInLightmap: 1
--- !u!23 &36
Renderer:
  m_ObjectHideFlags: 0
  m_PrefabParentObject: {fileID: 0}
  m_PrefabInternal: {fileID: 0}
  m_GameObject: {fileID: 10}
  m_Enabled: 1
  m_CastShadows: 1
  m_ReceiveShadows: 1
  m_LightmapIndex: 255
  m_LightmapTilingOffset: {x: 1, y: 1, z: 0, w: 0}
  m_Materials:
  - {fileID: 2100000, guid: e0fb2e57ef0764e32b85d4976382c759, type: 2}
  m_SubsetIndices: 
  m_StaticBatchRoot: {fileID: 0}
  m_UseLightProbes: 0
  m_LightProbeAnchor: {fileID: 0}
  m_ScaleInLightmap: 1
--- !u!23 &37
Renderer:
  m_ObjectHideFlags: 0
  m_PrefabParentObject: {fileID: 0}
  m_PrefabInternal: {fileID: 0}
  m_GameObject: {fileID: 15}
  m_Enabled: 1
  m_CastShadows: 1
  m_ReceiveShadows: 1
  m_LightmapIndex: 255
  m_LightmapTilingOffset: {x: 1, y: 1, z: 0, w: 0}
  m_Materials:
  - {fileID: 2100000, guid: cf1ecd0b49db547c4b565a629c69a256, type: 2}
  m_SubsetIndices: 
  m_StaticBatchRoot: {fileID: 0}
  m_UseLightProbes: 0
  m_LightProbeAnchor: {fileID: 0}
  m_ScaleInLightmap: 1
--- !u!23 &38
Renderer:
  m_ObjectHideFlags: 0
  m_PrefabParentObject: {fileID: 0}
  m_PrefabInternal: {fileID: 0}
  m_GameObject: {fileID: 17}
  m_Enabled: 1
  m_CastShadows: 1
  m_ReceiveShadows: 1
  m_LightmapIndex: 255
  m_LightmapTilingOffset: {x: 1, y: 1, z: 0, w: 0}
  m_Materials:
  - {fileID: 2100000, guid: cf1ecd0b49db547c4b565a629c69a256, type: 2}
  m_SubsetIndices: 
  m_StaticBatchRoot: {fileID: 0}
  m_UseLightProbes: 0
  m_LightProbeAnchor: {fileID: 0}
  m_ScaleInLightmap: 1
--- !u!23 &39
Renderer:
  m_ObjectHideFlags: 0
  m_PrefabParentObject: {fileID: 0}
  m_PrefabInternal: {fileID: 0}
  m_GameObject: {fileID: 18}
  m_Enabled: 1
  m_CastShadows: 1
  m_ReceiveShadows: 1
  m_LightmapIndex: 255
  m_LightmapTilingOffset: {x: 1, y: 1, z: 0, w: 0}
  m_Materials:
  - {fileID: 2100000, guid: ebf0f1736650f4b828c08617fa13b9d5, type: 2}
  m_SubsetIndices: 
  m_StaticBatchRoot: {fileID: 0}
  m_UseLightProbes: 0
  m_LightProbeAnchor: {fileID: 0}
  m_ScaleInLightmap: 1
--- !u!33 &40
MeshFilter:
  m_ObjectHideFlags: 0
  m_PrefabParentObject: {fileID: 0}
  m_PrefabInternal: {fileID: 0}
  m_GameObject: {fileID: 6}
  m_Mesh: {fileID: 10202, guid: 0000000000000000e000000000000000, type: 0}
--- !u!33 &41
MeshFilter:
  m_ObjectHideFlags: 0
  m_PrefabParentObject: {fileID: 0}
  m_PrefabInternal: {fileID: 0}
  m_GameObject: {fileID: 10}
  m_Mesh: {fileID: 10208, guid: 0000000000000000e000000000000000, type: 0}
--- !u!33 &42
MeshFilter:
  m_ObjectHideFlags: 0
  m_PrefabParentObject: {fileID: 0}
  m_PrefabInternal: {fileID: 0}
  m_GameObject: {fileID: 15}
  m_Mesh: {fileID: 10202, guid: 0000000000000000e000000000000000, type: 0}
--- !u!33 &43
MeshFilter:
  m_ObjectHideFlags: 0
  m_PrefabParentObject: {fileID: 0}
  m_PrefabInternal: {fileID: 0}
  m_GameObject: {fileID: 17}
  m_Mesh: {fileID: 10202, guid: 0000000000000000e000000000000000, type: 0}
--- !u!33 &44
MeshFilter:
  m_ObjectHideFlags: 0
  m_PrefabParentObject: {fileID: 0}
  m_PrefabInternal: {fileID: 0}
  m_GameObject: {fileID: 18}
  m_Mesh: {fileID: 10209, guid: 0000000000000000e000000000000000, type: 0}
--- !u!64 &45
MeshCollider:
  m_ObjectHideFlags: 0
  m_PrefabParentObject: {fileID: 0}
  m_PrefabInternal: {fileID: 0}
  m_GameObject: {fileID: 18}
  m_Material: {fileID: 0}
  m_IsTrigger: 0
  m_Enabled: 1
  serializedVersion: 2
  m_SmoothSphereCollisions: 0
  m_Convex: 0
  m_Mesh: {fileID: 10209, guid: 0000000000000000e000000000000000, type: 0}
--- !u!65 &46
BoxCollider:
  m_ObjectHideFlags: 0
  m_PrefabParentObject: {fileID: 0}
  m_PrefabInternal: {fileID: 0}
  m_GameObject: {fileID: 15}
  m_Material: {fileID: 0}
  m_IsTrigger: 0
  m_Enabled: 1
  serializedVersion: 2
  m_Size: {x: 1, y: 1, z: 1}
  m_Center: {x: 0, y: 0, z: 0}
--- !u!65 &47
BoxCollider:
  m_ObjectHideFlags: 0
  m_PrefabParentObject: {fileID: 0}
  m_PrefabInternal: {fileID: 0}
  m_GameObject: {fileID: 16}
  m_Material: {fileID: 0}
  m_IsTrigger: 0
  m_Enabled: 1
  serializedVersion: 2
  m_Size: {x: 1, y: 1, z: 1}
  m_Center: {x: -.456862688, y: 0, z: 0}
--- !u!65 &48
BoxCollider:
  m_ObjectHideFlags: 0
  m_PrefabParentObject: {fileID: 0}
  m_PrefabInternal: {fileID: 0}
  m_GameObject: {fileID: 17}
  m_Material: {fileID: 0}
  m_IsTrigger: 0
  m_Enabled: 1
  serializedVersion: 2
  m_Size: {x: 1, y: 1, z: 1}
  m_Center: {x: 0, y: 0, z: 0}
--- !u!81 &49
AudioListener:
  m_ObjectHideFlags: 0
  m_PrefabParentObject: {fileID: 0}
  m_PrefabInternal: {fileID: 0}
  m_GameObject: {fileID: 7}
  m_Enabled: 1
--- !u!92 &50
Behaviour:
  m_ObjectHideFlags: 0
  m_PrefabParentObject: {fileID: 0}
  m_PrefabInternal: {fileID: 0}
  m_GameObject: {fileID: 7}
  m_Enabled: 1
--- !u!108 &51
Light:
  m_ObjectHideFlags: 0
  m_PrefabParentObject: {fileID: 0}
  m_PrefabInternal: {fileID: 0}
  m_GameObject: {fileID: 12}
  m_Enabled: 1
  serializedVersion: 3
  m_Type: 1
  m_Color: {r: 1, g: 1, b: 1, a: 1}
  m_Intensity: .5
  m_Range: 10
  m_SpotAngle: 30
  m_CookieSize: 10
  m_Shadows:
    m_Type: 2
    m_Resolution: -1
    m_Strength: 1
    m_Bias: .0500000007
    m_Softness: 4
    m_SoftnessFade: 1
  m_Cookie: {fileID: 0}
  m_DrawHalo: 0
  m_ActuallyLightmapped: 1
  m_Flare: {fileID: 0}
  m_RenderMode: 0
  m_CullingMask:
    serializedVersion: 2
    m_Bits: 4294967295
  m_Lightmapping: 1
  m_ShadowSamples: 5
  m_ShadowRadius: 0
  m_ShadowAngle: 0
  m_IndirectIntensity: 1
  m_AreaSize: {x: 1, y: 1}
--- !u!111 &52
Animation:
  m_ObjectHideFlags: 0
  m_PrefabParentObject: {fileID: 0}
  m_PrefabInternal: {fileID: 0}
  m_GameObject: {fileID: 16}
  m_Enabled: 1
  serializedVersion: 3
  m_Animation: {fileID: 7400000, guid: 92c2c09df4a9d4acbae14f6b2aa8d7f6, type: 2}
  m_Animations:
  - {fileID: 7400000, guid: c6d32d46ae73845589505cac22c95236, type: 2}
  - {fileID: 7400000, guid: 92c2c09df4a9d4acbae14f6b2aa8d7f6, type: 2}
  m_WrapMode: 0
  m_PlayAutomatically: 1
  m_AnimatePhysics: 0
  m_CullingType: 0
  m_UserAABB:
    m_Center: {x: 0, y: 0, z: 0}
    m_Extent: {x: 0, y: 0, z: 0}
--- !u!119 &53
Projector:
  m_ObjectHideFlags: 0
  m_PrefabParentObject: {fileID: 0}
  m_PrefabInternal: {fileID: 0}
  m_GameObject: {fileID: 8}
  m_Enabled: 1
  serializedVersion: 2
  m_NearClipPlane: .387970567
  m_FarClipPlane: 4.08242559
  m_FieldOfView: 50
  m_AspectRatio: 1
  m_Orthographic: 0
  m_OrthographicSize: 10
  m_Material: {fileID: 2100000, guid: 9deee521acbe44d5487cbd7a54c06fa7, type: 2}
  m_IgnoreLayers:
    serializedVersion: 2
    m_Bits: 0
--- !u!124 &54
Behaviour:
  m_ObjectHideFlags: 0
  m_PrefabParentObject: {fileID: 0}
  m_PrefabInternal: {fileID: 0}
  m_GameObject: {fileID: 7}
  m_Enabled: 1
--- !u!124 &55
Behaviour:
  m_ObjectHideFlags: 0
  m_PrefabParentObject: {fileID: 0}
  m_PrefabInternal: {fileID: 0}
  m_GameObject: {fileID: 11}
  m_Enabled: 1
--- !u!132 &56
GUIText:
  m_ObjectHideFlags: 0
  m_PrefabParentObject: {fileID: 0}
  m_PrefabInternal: {fileID: 0}
  m_GameObject: {fileID: 5}
  m_Enabled: 1
  serializedVersion: 3
  m_Text: Double-click to move the target
  m_Anchor: 0
  m_Alignment: 0
  m_PixelOffset: {x: 5, y: -25}
  m_LineSpacing: 1
  m_TabSize: 4
  m_Font: {fileID: 10102, guid: 0000000000000000e000000000000000, type: 0}
  m_Material: {fileID: 0}
  m_FontSize: 0
  m_FontStyle: 0
  m_PixelCorrect: 1
--- !u!143 &57
CharacterController:
  m_ObjectHideFlags: 0
  m_PrefabParentObject: {fileID: 0}
  m_PrefabInternal: {fileID: 0}
  m_GameObject: {fileID: 9}
  serializedVersion: 2
  m_Height: .699999988
  m_Radius: .342999995
  m_SlopeLimit: 90
  m_StepOffset: .200000003
  m_SkinWidth: .00999999978
  m_MinMoveDistance: 0
  m_Center: {x: 0, y: -.389999986, z: 0}
--- !u!114 &58
MonoBehaviour:
  m_ObjectHideFlags: 0
  m_PrefabParentObject: {fileID: 0}
  m_PrefabInternal: {fileID: 0}
  m_GameObject: {fileID: 9}
  m_Enabled: 1
  m_EditorHideFlags: 0
  m_Script: {fileID: 11500000, guid: 6e3932a1dca084ae79dc5b44fbc9b2f1, type: 1}
  m_Name: 
  target: {fileID: 27}
  repathRate: .300000012
  pickNextWaypointDistance: .300000012
  targetReached: .200000003
  speed: 3
  rotationSpeed: 8
  drawGizmos: 1
  canSearch: 1
  canMove: 1
--- !u!114 &59
MonoBehaviour:
  m_ObjectHideFlags: 0
  m_PrefabParentObject: {fileID: 0}
  m_PrefabInternal: {fileID: 0}
  m_GameObject: {fileID: 9}
  m_Enabled: 1
  m_EditorHideFlags: 0
  m_Script: {fileID: 11500000, guid: 373b52eb9bf8c40f785bb6947a1aee66, type: 1}
  m_Name: 
  drawGizmos: 1
  detailedGizmos: 0
  saveGetNearestHints: 1
  startEndModifier:
    priority: 3
    addPoints: 0
    exactStartPoint: 1
    exactEndPoint: 1
    useRaycasting: 0
    mask: {}
    useGraphRaycasting: 1
--- !u!114 &60
MonoBehaviour:
  m_ObjectHideFlags: 0
  m_PrefabParentObject: {fileID: 0}
  m_PrefabInternal: {fileID: 0}
  m_GameObject: {fileID: 9}
  m_Enabled: 1
  m_EditorHideFlags: 0
  m_Script: {fileID: 11500000, guid: 77f586f285b3847808d79083bd19ef1f, type: 1}
  m_Name: 
  priority: 2
--- !u!114 &61
MonoBehaviour:
  m_ObjectHideFlags: 0
  m_PrefabParentObject: {fileID: 0}
  m_PrefabInternal: {fileID: 0}
  m_GameObject: {fileID: 9}
  m_Enabled: 1
  m_EditorHideFlags: 0
  m_Script: {fileID: 11500000, guid: cb6a34d769a1e4ac7b0b30e433aa443c, type: 1}
  m_Name: 
  priority: 1
  smoothType: 3
  subdivisions: 2
  iterations: 5
  strength: .5
  uniformLength: 1
  maxSegmentLength: 1
  bezierTangentLength: .400000006
  offset: .100000001
  factor: .100000001
--- !u!114 &62
MonoBehaviour:
  m_ObjectHideFlags: 0
  m_PrefabParentObject: {fileID: 0}
  m_PrefabInternal: {fileID: 0}
  m_GameObject: {fileID: 9}
  m_Enabled: 1
  m_EditorHideFlags: 0
  m_Script: {fileID: 11500000, guid: 20549335d45df4a329ece093b865221b, type: 1}
  m_Name: 
  forwardPlanning: .400000006
--- !u!114 &63
MonoBehaviour:
  m_ObjectHideFlags: 0
  m_PrefabParentObject: {fileID: 0}
  m_PrefabInternal: {fileID: 0}
  m_GameObject: {fileID: 8}
  m_Enabled: 0
  m_EditorHideFlags: 0
  m_Script: {fileID: 11500000, guid: 9593f64d71aa84f3b8edc10cab754762, type: 1}
  m_Name: 
  lightSource: {fileID: 0}
--- !u!114 &64
MonoBehaviour:
  m_ObjectHideFlags: 0
  m_PrefabParentObject: {fileID: 0}
  m_PrefabInternal: {fileID: 0}
  m_GameObject: {fileID: 7}
  m_Enabled: 1
  m_EditorHideFlags: 0
  m_Script: {fileID: 11500000, guid: f903c2eb621d8418d88f8dad81b13dc6, type: 1}
  m_Name: 
  mask: {}
  target: {fileID: 27}
  onlyOnDoubleClick: 1
--- !u!114 &65
MonoBehaviour:
  m_ObjectHideFlags: 0
  m_PrefabParentObject: {fileID: 0}
  m_PrefabInternal: {fileID: 0}
  m_GameObject: {fileID: 16}
  m_Enabled: 1
  m_EditorHideFlags: 0
  m_Script: {fileID: 11500000, guid: e96422fbb088f477baaf6f2ada396863, type: 1}
  m_Name: 
  bitToChange: 0
--- !u!114 &66
MonoBehaviour:
  m_ObjectHideFlags: 0
  m_PrefabParentObject: {fileID: 0}
  m_PrefabInternal: {fileID: 0}
  m_GameObject: {fileID: 14}
  m_Enabled: 1
  m_EditorHideFlags: 0
  m_Script: {fileID: 11500000, guid: 78396926cbbfc4ac3b48fc5fc34a87d1, type: 1}
  m_Name: 
  astarData:
    hasBeenReverted: 0
    data:
    - 204
    - 0
    - 0
    - 0
    - 7
    - 51
    - 46
    - 48
    - 46
    - 56
    - 46
    - 51
    - 1
    - 0
    - 0
    - 0
    - 36
    - 101
    - 56
    - 48
    - 97
    - 51
    - 49
    - 57
    - 99
    - 45
    - 99
    - 97
    - 99
    - 102
    - 45
    - 52
    - 98
    - 49
    - 99
    - 45
    - 98
    - 48
    - 55
    - 50
    - 45
    - 52
    - 56
    - 56
    - 51
    - 53
    - 56
    - 50
    - 98
    - 52
    - 57
    - 98
    - 97
    - 254
    - 255
    - 255
    - 255
    - 1
    - 0
    - 0
    - 0
    - 1
    - 0
    - 0
    - 0
    - 11
    - 82
    - 101
    - 99
    - 97
    - 115
    - 116
    - 71
    - 114
    - 97
    - 112
    - 104
    - 36
    - 101
    - 56
    - 48
    - 97
    - 51
    - 49
    - 57
    - 99
    - 45
    - 99
    - 97
    - 99
    - 102
    - 45
    - 52
    - 98
    - 49
    - 99
    - 45
    - 98
    - 48
    - 55
    - 50
    - 45
    - 52
    - 56
    - 56
    - 51
    - 53
    - 56
    - 50
    - 98
    - 52
    - 57
    - 98
    - 97
    - 1
    - 0
    - 0
    - 192
    - 63
    - 1
    - 205
    - 204
    - 76
    - 61
    - 1
    - 205
    - 204
    - 204
    - 62
    - 1
    - 0
    - 0
    - 0
    - 64
    - 1
    - 0
    - 0
    - 0
    - 63
    - 1
    - 0
    - 0
    - 240
    - 65
    - 1
    - 0
    - 0
    - 160
    - 65
    - 1
    - 0
    - 117
    - 227
    - 189
    - 102
    - 102
    - 102
    - 63
    - 0
    - 0
    - 0
    - 0
    - 1
    - 56
    - 176
    - 37
    - 65
    - 0
    - 0
    - 0
    - 64
    - 0
    - 0
    - 32
    - 65
    - 1
    - 255
    - 252
    - 255
    - 255
    - 1
    - 1
    - 1
    - 0
    - 1
    - 8
    - 0
    - 0
    - 0
    - 1
    - 205
    - 204
    - 12
    - 63
    - 1
    - 0
    - 254
    - 255
    - 255
    - 255
    - 0
    - 0
    - 0
    - 0
    - 20
    - 0
    - 0
    - 0
    - 18
    - 83
    - 101
    - 114
    - 105
    - 97
    - 108
    - 105
    - 122
    - 101
    - 114
    - 83
    - 101
    - 116
    - 116
    - 105
    - 110
    - 103
    - 115
    - 4
    - 0
    - 0
    - 0
    - 6
    - 71
    - 114
    - 97
    - 112
    - 104
    - 48
    - 65
    - 0
    - 0
    - 0
    - 17
    - 48
    - 35
    - 99
    - 111
    - 110
    - 116
    - 111
    - 117
    - 114
    - 77
    - 97
    - 120
    - 69
    - 114
    - 114
    - 111
    - 114
    - 114
    - 0
    - 0
    - 0
    - 10
    - 48
    - 35
    - 99
    - 101
    - 108
    - 108
    - 83
    - 105
    - 122
    - 101
    - 119
    - 0
    - 0
    - 0
    - 12
    - 48
    - 35
    - 99
    - 101
    - 108
    - 108
    - 72
    - 101
    - 105
    - 103
    - 104
    - 116
    - 124
    - 0
    - 0
    - 0
    - 16
    - 48
    - 35
    - 119
    - 97
    - 108
    - 107
    - 97
    - 98
    - 108
    - 101
    - 72
    - 101
    - 105
    - 103
    - 104
    - 116
    - 129
    - 0
    - 0
    - 0
    - 15
    - 48
    - 35
    - 119
    - 97
    - 108
    - 107
    - 97
    - 98
    - 108
    - 101
    - 67
    - 108
    - 105
    - 109
    - 98
    - 134
    - 0
    - 0
    - 0
    - 10
    - 48
    - 35
    - 109
    - 97
    - 120
    - 83
    - 108
    - 111
    - 112
    - 101
    - 139
    - 0
    - 0
    - 0
    - 15
    - 48
    - 35
    - 109
    - 97
    - 120
    - 69
    - 100
    - 103
    - 101
    - 76
    - 101
    - 110
    - 103
    - 116
    - 104
    - 144
    - 0
    - 0
    - 0
    - 20
    - 48
    - 35
    - 102
    - 111
    - 114
    - 99
    - 101
    - 100
    - 66
    - 111
    - 117
    - 110
    - 100
    - 115
    - 67
    - 101
    - 110
    - 116
    - 101
    - 114
    - 149
    - 0
    - 0
    - 0
    - 18
    - 48
    - 35
    - 102
    - 111
    - 114
    - 99
    - 101
    - 100
    - 66
    - 111
    - 117
    - 110
    - 100
    - 115
    - 83
    - 105
    - 122
    - 101
    - 162
    - 0
    - 0
    - 0
    - 6
    - 48
    - 35
    - 109
    - 97
    - 115
    - 107
    - 175
    - 0
    - 0
    - 0
    - 17
    - 48
    - 35
    - 115
    - 104
    - 111
    - 119
    - 77
    - 101
    - 115
    - 104
    - 79
    - 117
    - 116
    - 108
    - 105
    - 110
    - 101
    - 180
    - 0
    - 0
    - 0
    - 20
    - 48
    - 35
    - 105
    - 110
    - 99
    - 108
    - 117
    - 100
    - 101
    - 79
    - 117
    - 116
    - 79
    - 102
    - 66
    - 111
    - 117
    - 110
    - 100
    - 115
    - 182
    - 0
    - 0
    - 0
    - 15
    - 48
    - 35
    - 114
    - 101
    - 103
    - 105
    - 111
    - 110
    - 77
    - 105
    - 110
    - 83
    - 105
    - 122
    - 101
    - 184
    - 0
    - 0
    - 0
    - 17
    - 48
    - 35
    - 99
    - 104
    - 97
    - 114
    - 97
    - 99
    - 116
    - 101
    - 114
    - 82
    - 97
    - 100
    - 105
    - 117
    - 115
    - 189
    - 0
    - 0
    - 0
    - 12
    - 48
    - 35
    - 117
    - 115
    - 101
    - 67
    - 82
    - 101
    - 99
    - 97
    - 115
    - 116
    - 194
    - 0
    - 0
    - 0
    - 17
    - 71
    - 114
    - 97
    - 112
    - 104
    - 78
    - 111
    - 100
    - 101
    - 115
    - 95
    - 71
    - 114
    - 97
    - 112
    - 104
    - 48
    - 196
    - 0
    - 0
    - 0
    - 15
    - 85
    - 115
    - 101
    - 114
    - 67
    - 111
    - 110
    - 110
    - 101
    - 99
    - 116
    - 105
    - 111
    - 110
    - 115
    - 200
    - 0
    - 0
    - 0
    - 16
    - 69
    - 100
    - 105
    - 116
    - 111
    - 114
    - 83
    - 101
    - 116
    - 116
    - 105
    - 110
    - 103
    - 115
    - 95
    - 48
    - 204
    - 0
    - 0
    - 0
    data_backup: []
    data_cachedStartup: []
    cacheStartup: 0
    compress: 0
  showGraphs: 1
  showNavGraphs: 1
  showUnwalkableNodes: 1
  scanOnStartup: 1
  prioritizeGraphs: 0
  prioritizeGraphsLimit: 1
  colorSettings:
    _NodeConnection:
      r: 0
      g: 1
      b: 0
      a: .5
    _UnwalkableNode:
      r: 1
      g: 0
      b: 0
      a: .5
    _BoundsHandles:
      r: .289999992
      g: .453999996
      b: .740999997
      a: .899999976
    _ConnectionLowLerp:
      r: 0
      g: 1
      b: 0
      a: .5
    _ConnectionHighLerp:
      r: 1
      g: 0
      b: 0
      a: .5
    _MeshEdgeColor:
      r: 0
      g: 0
      b: 0
      a: .5
    _MeshColor:
      r: .125
      g: .68599999
      b: 0
      a: .189999998
    _AreaColors: []
  lastScanTime: .399372011
  startUpdate: 0
  lastUniqueAreaIndex: 1
  heuristic: 2
  heuristicScale: 1
  inGameDebugPath: 
  debugMode: 0
  debugFloor: 0
  debugRoof: 10000
  showSearchTree: 0
  unwalkableNodeDebugSize: .300000012
  stepByStep: 1
  useMultithreading: 0
  maxFrameTime: 1
  binaryHeapSize: 5000
  recyclePaths: 0
  minAreaSize: 0
  logPathResults: 1
  limitGraphUpdates: 1
  maxGraphUpdateFreq: .200000003
--- !u!196 &67
NavMeshSettings:
  m_ObjectHideFlags: 0
  m_BuildSettings:
    agentRadius: .5
    agentHeight: 2
    agentSlope: 45
    agentClimb: .400000006
    ledgeDropHeight: 0
    maxJumpAcrossDistance: 0
    accuratePlacement: 0
    minRegionArea: 2
    widthInaccuracy: 16.666666
    heightInaccuracy: 10
  m_NavMesh: {fileID: 0}
